<?xml version="1.0" encoding="UTF-8"?>
<alto xmlns:xsi="http://www.w3.org/2001/XMLSchema-instance"
      xmlns="http://www.loc.gov/standards/alto/ns-v4#"
      xsi:schemaLocation="http://www.loc.gov/standards/alto/ns-v4# http://www.loc.gov/standards/alto/v4/alto-4-2.xsd">
  <Description>
    <MeasurementUnit>pixel</MeasurementUnit>
    <sourceImageInformation>
      <fileName>btv1b60009580_f18.jpg</fileName>
      
    </sourceImageInformation>
  </Description>
  
  <Tags>
    <OtherTag ID="BT1" LABEL="Title" DESCRIPTION="block type Title"/><OtherTag ID="BT2" LABEL="Main" DESCRIPTION="block type Main"/><OtherTag ID="BT3" LABEL="Commentary" DESCRIPTION="block type Commentary"/><OtherTag ID="BT4" LABEL="Illustration" DESCRIPTION="block type Illustration"/><OtherTag ID="BT7754" LABEL="DamageZone" DESCRIPTION="block type DamageZone"/><OtherTag ID="BT7755" LABEL="DecorationZone" DESCRIPTION="block type DecorationZone"/><OtherTag ID="BT7756" LABEL="DigitizationArtefactZone" DESCRIPTION="block type DigitizationArtefactZone"/><OtherTag ID="BT7757" LABEL="DropCapitalZone" DESCRIPTION="block type DropCapitalZone"/><OtherTag ID="BT7758" LABEL="MainZone" DESCRIPTION="block type MainZone"/><OtherTag ID="BT7759" LABEL="MarginTextZone" DESCRIPTION="block type MarginTextZone"/><OtherTag ID="BT7760" LABEL="MusicZone" DESCRIPTION="block type MusicZone"/><OtherTag ID="BT7761" LABEL="NumberingZone" DESCRIPTION="block type NumberingZone"/><OtherTag ID="BT7762" LABEL="QuireMarksZone" DESCRIPTION="block type QuireMarksZone"/><OtherTag ID="BT7763" LABEL="RunningTitleZone" DESCRIPTION="block type RunningTitleZone"/><OtherTag ID="BT7764" LABEL="SealZone" DESCRIPTION="block type SealZone"/><OtherTag ID="BT7765" LABEL="StampZone" DESCRIPTION="block type StampZone"/><OtherTag ID="BT7766" LABEL="TableZone" DESCRIPTION="block type TableZone"/><OtherTag ID="BT7767" LABEL="TitlePageZone" DESCRIPTION="block type TitlePageZone"/>
    <OtherTag ID="LT1" LABEL="Main" DESCRIPTION="line type Main"/><OtherTag ID="LT2" LABEL="Numbering" DESCRIPTION="line type Numbering"/><OtherTag ID="LT3" LABEL="Correction" DESCRIPTION="line type Correction"/><OtherTag ID="LT4" LABEL="Signature" DESCRIPTION="line type Signature"/><OtherTag ID="LT2632" LABEL="DefaultLine" DESCRIPTION="line type DefaultLine"/><OtherTag ID="LT2633" LABEL="DropCapitalLine" DESCRIPTION="line type DropCapitalLine"/><OtherTag ID="LT2634" LABEL="HeadingLine" DESCRIPTION="line type HeadingLine"/><OtherTag ID="LT2635" LABEL="InterlinearLine" DESCRIPTION="line type InterlinearLine"/>
  </Tags>
  
  <Layout>
    <Page WIDTH="1670"
          HEIGHT="2306"
          PHYSICAL_IMG_NR="3"
          ID="eSc_dummypage_">
      <PrintSpace HPOS="0"
                  VPOS="0"
                  WIDTH="1670"
                  HEIGHT="2306">
        
        <TextBlock HPOS="295.0"
                   VPOS="203.0"
                   WIDTH="1216.0"
                   HEIGHT="1759.0"
                   ID="eSc_textblock_6663242e"
                   TAGREFS="BT7758">
          <Shape><Polygon POINTS="295 203 295 1962 1509 1962 1511 203"/></Shape>
          
          
          <TextLine ID="eSc_line_f5a5b74e"
                    TAGREFS="LT2632"
                    BASELINE="322 359 1445 324" 
                    HPOS="320.0"
                    VPOS="272.0"
                    WIDTH="1125.0"
                    HEIGHT="114.0">
            <Shape><Polygon POINTS="322 359 325 386 370 371 413 376 415 376 570 366 586 372 588 372 589 372 590 372 631 362 669 370 670 370 671 370 672 370 689 359 739 366 740 366 742 366 767 359 781 366 794 372 795 372 797 372 884 370 1100 362 1102 362 1148 349 1167 343 1307 340 1322 342 1398 348 1399 348 1400 348 1445 335 1445 324 1440 280 1388 281 1384 280 1363 272 1362 272 1361 272 1359 272 1340 281 1339 281 1322 276 1321 276 1320 276 1284 283 1281 283 1279 283 1252 274 1250 274 1249 274 1248 274 1247 274 1234 283 1106 281 1104 281 1080 286 1061 290 1039 288 999 281 998 281 997 281 976 289 956 297 906 297 890 290 880 285 879 285 877 285 876 285 865 290 852 297 836 292 827 288 826 288 767 288 766 288 765 288 745 293 708 303 649 298 648 298 584 307 515 298 506 297 504 297 496 298 416 313 396 313 378 301 376 301 375 301 374 301 320 301 322 359"/></Shape>
	    <String CONTENT="kaie damors nule rien sire non. por ceu ne puis faire lie chan"
                    HPOS="320.0"
                    VPOS="272.0"
                    WIDTH="1125.0"
                    HEIGHT="114.0"></String>
          </TextLine>

          
          
          <TextLine ID="eSc_line_8a1d97fb"
                    TAGREFS="LT2632"
                    BASELINE="337 491 992 471 1412 463" 
                    HPOS="335.0"
                    VPOS="429.0"
                    WIDTH="1077.0"
                    HEIGHT="74.0">
            <Shape><Polygon POINTS="337 491 337 503 1412 475 1412 463 1408 429 844 449 812 443 753 431 752 431 504 444 381 441 380 441 379 441 335 453 337 491"/></Shape>
	    <String CONTENT="con qamors lo me desensengne. qui uuet que iaim ne ne"
                    HPOS="335.0"
                    VPOS="429.0"
                    WIDTH="1077.0"
                    HEIGHT="74.0"></String>
          </TextLine>

          
          
          <TextLine ID="eSc_line_ef6c25b1"
                    TAGREFS="LT2632"
                    BASELINE="306 617 865 612 1429 594" 
                    HPOS="305.0"
                    VPOS="549.0"
                    WIDTH="1124.0"
                    HEIGHT="87.0">
            <Shape><Polygon POINTS="306 617 306 634 489 636 490 636 492 636 493 636 502 630 506 627 551 629 670 632 671 632 708 625 716 623 738 623 839 629 840 629 842 629 856 621 858 620 926 618 947 618 1050 625 1052 625 1109 614 1116 614 1132 614 1294 620 1295 620 1297 620 1323 611 1362 618 1363 618 1429 607 1429 594 1427 558 1408 549 1407 549 1405 549 1086 556 1085 556 1067 564 1043 577 1015 572 1013 572 920 579 902 572 901 572 899 572 856 581 765 577 763 577 545 588 502 588 478 576 460 568 458 568 457 568 456 568 425 576 380 570 379 570 378 570 357 579 330 590 305 580 306 617"/></Shape>
	    <String CONTENT="uuet que iatengne. ensi me tient amant en desespoir. que"
                    HPOS="305.0"
                    VPOS="549.0"
                    WIDTH="1124.0"
                    HEIGHT="87.0"></String>
          </TextLine>

          
          
          <TextLine ID="eSc_line_cfc3971e"
                    TAGREFS="LT2632"
                    BASELINE="890 687 1435 670" 
                    HPOS="888.0"
                    VPOS="605.0"
                    WIDTH="547.0"
                    HEIGHT="99.0">
            <Shape><Polygon POINTS="890 687 890 698 945 696 948 698 957 704 958 704 959 704 961 704 962 704 963 704 975 696 977 695 979 696 990 704 992 704 993 704 994 704 1068 693 1075 693 1079 693 1116 700 1117 700 1118 700 1139 690 1140 690 1159 690 1355 693 1357 693 1358 693 1376 685 1421 689 1422 689 1423 689 1425 689 1435 681 1435 670 1430 605 1386 608 1385 608 1384 608 1353 630 1307 616 1306 616 1304 616 1303 616 1302 616 1302 617 1285 634 1267 623 1266 623 1264 623 1263 623 1230 640 1163 640 1149 634 1148 634 1147 634 1145 634 1125 643 1058 629 1057 629 1056 629 998 646 962 621 961 621 959 621 958 621 888 622 890 687"/></Shape>
	    <String CONTENT="Ie ne doi pas amors nul mal"
                    HPOS="888.0"
                    VPOS="605.0"
                    WIDTH="547.0"
                    HEIGHT="99.0"></String>
          </TextLine>

          
          
          <TextLine ID="eSc_line_7c8898fc"
                    TAGREFS="LT2632"
                    BASELINE="329 763 794 758 1457 737" 
                    HPOS="328.0"
                    VPOS="695.0"
                    WIDTH="1129.0"
                    HEIGHT="92.0">
            <Shape><Polygon POINTS="329 763 329 778 371 785 372 785 374 785 375 785 385 778 389 776 392 778 410 787 411 787 412 787 574 784 575 784 576 784 586 777 674 780 675 780 676 780 701 773 704 772 707 773 725 780 726 780 727 780 802 778 803 778 817 771 826 767 862 767 868 771 876 776 877 776 879 776 880 776 909 769 917 768 925 769 954 775 956 776 956 775 992 768 1033 760 1147 764 1148 764 1149 764 1171 757 1253 760 1254 760 1256 760 1277 754 1336 763 1353 764 1354 764 1355 764 1361 762 1382 752 1434 752 1453 760 1457 737 1453 695 1276 696 1275 696 1256 702 1252 703 1248 703 1223 698 1222 698 1221 698 1202 704 1180 712 1158 705 1156 705 1154 705 1153 705 1152 705 1150 705 1150 707 1136 716 1112 708 1091 702 1090 702 1089 702 1057 703 1056 703 1054 703 1044 711 1038 714 1016 712 962 704 961 704 959 704 931 714 907 725 671 728 662 725 647 719 645 719 644 719 643 719 624 727 615 730 585 728 529 725 528 725 439 734 424 735 421 735 393 725 392 725 390 725 328 737 329 763"/></Shape>
	    <String CONTENT="ne mocit. ne ne lait ioie auoir uoloir sa la meillor del mũde"
                    HPOS="328.0"
                    VPOS="695.0"
                    WIDTH="1129.0"
                    HEIGHT="92.0"></String>
          </TextLine>

          
          
          <TextLine ID="eSc_line_c8027fa9"
                    TAGREFS="LT2632"
                    BASELINE="343 844 1461 805" 
                    HPOS="340.0"
                    VPOS="760.0"
                    WIDTH="1121.0"
                    HEIGHT="97.0">
            <Shape><Polygon POINTS="343 844 343 854 506 850 510 850 545 857 547 857 548 857 575 848 578 848 588 848 715 853 716 853 767 841 768 841 780 849 781 849 783 849 784 849 857 839 858 839 936 844 938 844 939 844 940 844 954 835 957 835 1009 842 1011 842 1012 842 1048 831 1052 831 1058 831 1122 839 1124 839 1195 830 1245 834 1247 834 1248 834 1280 825 1312 831 1313 831 1421 828 1422 828 1461 817 1461 805 1454 764 1438 771 1416 766 1391 760 1390 760 1389 760 1373 767 1359 775 1313 776 1293 771 1275 766 1273 766 1272 766 1213 775 1189 777 1184 775 1170 769 1168 769 1167 769 1090 777 981 775 980 775 979 775 939 785 925 789 903 786 871 784 870 784 821 790 793 794 777 791 727 784 726 784 725 784 724 784 710 795 707 798 681 798 663 796 576 789 575 789 574 789 572 789 557 799 537 791 535 791 534 791 533 791 492 804 488 805 447 805 420 805 394 798 393 798 392 798 340 809 343 844"/></Shape>
	    <String CONTENT="mõ cuer rent. conques amors ne fist si son pooir destre a nului"
                    HPOS="340.0"
                    VPOS="760.0"
                    WIDTH="1121.0"
                    HEIGHT="97.0"
                    WC="0.981607941910625"></String>
          </TextLine>

          
          
          <TextLine ID="eSc_line_fb7f2899"
                    TAGREFS="LT2632"
                    BASELINE="326 909 1457 876" 
                    HPOS="324.0"
                    VPOS="834.0"
                    WIDTH="1133.0"
                    HEIGHT="98.0">
            <Shape><Polygon POINTS="326 909 326 918 360 932 361 932 362 932 604 912 612 912 613 912 648 921 649 921 651 921 731 909 733 909 754 921 756 921 757 921 758 921 779 912 840 918 842 918 890 908 929 915 930 915 931 915 970 903 981 900 1015 903 1095 908 1097 908 1098 908 1099 908 1112 900 1113 899 1124 900 1193 908 1194 908 1225 907 1226 907 1227 907 1240 896 1247 892 1455 892 1457 876 1450 834 1431 842 1379 842 1364 836 1362 835 1361 835 1359 835 1358 835 1355 836 1336 844 1279 840 1277 840 1231 848 1182 840 1167 839 1166 839 1165 839 1163 839 1159 841 1144 850 1104 845 1103 845 1102 845 1086 851 1053 844 1044 842 1043 842 1041 842 1040 842 1038 844 1022 854 968 855 942 848 935 845 934 845 933 845 889 846 888 846 886 846 884 849 867 858 820 851 818 851 817 851 795 860 776 853 775 853 774 853 692 863 630 855 625 855 624 855 622 855 620 855 588 866 566 857 563 857 562 857 561 857 560 857 557 858 535 869 494 869 457 860 453 859 452 859 451 859 324 863 326 909"/></Shape>
	    <String CONTENT="si esmereiement. cõ ele at fait a son tres bel cors gent. nest riẽs"
                    HPOS="324.0"
                    VPOS="834.0"
                    WIDTH="1133.0"
                    HEIGHT="98.0"></String>
          </TextLine>

          
          
          <TextLine ID="eSc_line_8fa3bae0"
                    TAGREFS="LT2632"
                    BASELINE="334 983 1458 953" 
                    HPOS="331.0"
                    VPOS="907.0"
                    WIDTH="1127.0"
                    HEIGHT="99.0">
            <Shape><Polygon POINTS="334 983 334 1006 376 1006 376 1005 378 1005 383 1004 433 990 458 1001 460 1001 461 1001 462 1001 474 1000 528 994 571 996 606 999 607 999 608 999 610 999 613 995 621 989 654 986 672 992 676 994 677 994 679 994 680 994 684 992 711 982 784 989 834 992 835 992 836 992 838 992 848 986 861 977 944 976 999 976 1006 980 1017 987 1018 987 1020 987 1021 987 1084 986 1085 986 1106 976 1111 973 1222 968 1238 971 1266 976 1267 976 1317 968 1357 978 1358 978 1359 978 1361 978 1394 964 1397 964 1398 964 1423 971 1425 971 1426 971 1427 971 1458 962 1458 953 1455 915 1421 908 1420 908 1418 908 1403 915 1402 917 1377 917 1330 917 1286 907 1285 907 1238 909 1236 909 1235 909 1221 918 1217 921 1199 919 1129 910 1127 910 1126 910 1100 921 1091 923 1059 921 1024 918 1022 918 992 922 950 927 929 923 911 919 909 919 908 919 907 919 902 923 890 931 857 931 827 924 801 919 799 919 798 919 780 924 777 926 774 924 762 921 761 921 760 921 758 921 744 926 721 935 610 939 553 939 535 928 531 927 530 927 529 927 428 930 426 930 425 930 411 937 398 931 397 931 396 931 331 931 334 983"/></Shape>
	    <String CONTENT="qͥ a bialte cengne ne cuit ken li ne son gent cors soffraigne."
                    HPOS="331.0"
                    VPOS="907.0"
                    WIDTH="1127.0"
                    HEIGHT="99.0"></String>
          </TextLine>

          
          
          <TextLine ID="eSc_line_259e8701"
                    TAGREFS="LT2632"
                    BASELINE="346 1051 786 1045 1454 1022" 
                    HPOS="343.0"
                    VPOS="974.0"
                    WIDTH="1111.0"
                    HEIGHT="98.0">
            <Shape><Polygon POINTS="346 1051 346 1063 389 1069 390 1069 444 1062 522 1072 524 1072 617 1062 663 1067 665 1067 666 1067 693 1058 716 1065 717 1065 719 1065 720 1065 748 1059 929 1060 930 1060 1039 1045 1099 1055 1100 1055 1102 1055 1153 1041 1156 1041 1159 1041 1248 1047 1249 1047 1250 1047 1289 1037 1291 1037 1295 1037 1341 1042 1343 1042 1454 1032 1454 1022 1449 974 1364 977 1363 977 1331 991 1282 985 1281 985 1280 985 1241 995 1131 983 1126 983 1125 983 1124 983 1122 983 1102 996 1050 992 1049 992 1048 992 1017 1001 979 990 977 990 976 990 975 990 949 1003 836 1006 793 1006 774 994 772 994 771 994 770 994 758 995 688 1004 676 997 675 996 674 996 672 996 671 996 629 997 628 997 626 997 625 999 606 1013 524 1015 428 1004 417 1004 416 1004 343 1006 346 1051"/></Shape>
	    <String CONTENT="fors cun petit li messiet ceu mest uis qele enuers moi riẽt"
                    HPOS="343.0"
                    VPOS="974.0"
                    WIDTH="1111.0"
                    HEIGHT="98.0"></String>
          </TextLine>

          
          
          <TextLine ID="eSc_line_fdc11f5c"
                    TAGREFS="LT2632"
                    BASELINE="347 1119 861 1110 1454 1090" 
                    HPOS="344.0"
                    VPOS="1044.0"
                    WIDTH="1110.0"
                    HEIGHT="102.0">
            <Shape><Polygon POINTS="347 1119 347 1144 392 1146 393 1146 394 1146 396 1146 401 1142 417 1131 443 1129 462 1129 479 1140 483 1142 484 1142 485 1142 487 1144 511 1144 511 1142 512 1142 520 1138 538 1128 580 1136 606 1140 607 1140 608 1140 620 1135 633 1128 725 1122 818 1127 908 1132 909 1132 911 1132 942 1123 967 1115 1025 1119 1029 1119 1030 1119 1035 1119 1099 1112 1112 1117 1116 1118 1117 1118 1118 1118 1131 1115 1147 1113 1157 1115 1186 1122 1188 1123 1281 1123 1281 1122 1282 1122 1323 1109 1335 1105 1344 1108 1375 1119 1376 1119 1377 1119 1426 1118 1427 1118 1454 1104 1454 1090 1452 1058 1389 1047 1388 1047 1386 1047 1385 1047 1375 1055 1343 1044 1341 1044 1340 1044 1339 1044 1338 1044 1313 1060 1312 1062 1285 1062 1280 1060 1248 1054 1247 1054 1245 1054 1225 1062 1221 1064 1138 1065 1135 1064 1116 1054 1115 1054 1113 1054 1112 1054 1091 1059 1052 1051 1050 1051 1008 1053 1007 1053 1006 1053 988 1067 984 1071 956 1072 765 1076 754 1072 722 1060 721 1060 720 1060 626 1063 625 1063 602 1072 542 1067 540 1067 539 1067 504 1077 496 1079 488 1078 446 1068 444 1068 443 1068 407 1079 406 1079 405 1079 361 1071 360 1071 358 1071 357 1071 344 1077 347 1119"/></Shape>
	    <String CONTENT="tͦp ses euz eschis. Qant ie regart son debonaire. ⁊ ie li pri"
                    HPOS="344.0"
                    VPOS="1044.0"
                    WIDTH="1110.0"
                    HEIGHT="102.0"></String>
          </TextLine>

          
          
          <TextLine ID="eSc_line_c2a08ceb"
                    TAGREFS="LT2632"
                    BASELINE="347 1193 1475 1161" 
                    HPOS="344.0"
                    VPOS="1114.0"
                    WIDTH="1131.0"
                    HEIGHT="97.0">
            <Shape><Polygon POINTS="347 1193 347 1209 472 1211 474 1211 475 1211 488 1205 494 1202 519 1205 561 1209 562 1209 563 1209 565 1209 572 1202 576 1200 585 1202 601 1208 602 1208 603 1208 703 1205 735 1199 754 1195 768 1197 795 1202 797 1202 871 1195 907 1191 930 1193 974 1197 975 1197 976 1197 977 1197 986 1191 990 1188 1080 1186 1107 1188 1157 1192 1158 1192 1159 1192 1161 1192 1170 1186 1175 1183 1193 1186 1223 1190 1225 1190 1267 1183 1295 1179 1327 1182 1384 1186 1385 1186 1413 1179 1430 1176 1472 1177 1475 1161 1471 1126 1427 1126 1426 1126 1408 1114 1407 1114 1405 1114 1370 1114 1368 1114 1325 1115 1323 1115 1295 1127 1267 1119 1266 1119 1264 1119 1263 1119 1248 1126 1202 1119 1200 1119 1156 1126 1038 1123 1036 1123 1035 1123 994 1136 985 1140 871 1141 857 1140 808 1131 807 1131 806 1131 774 1141 761 1146 598 1146 594 1145 578 1138 576 1138 575 1138 520 1147 490 1151 479 1147 453 1140 452 1140 451 1140 363 1142 362 1142 344 1149 347 1193"/></Shape>
	    <String CONTENT="son bel respons auoir. ne me meruoil sel regart mesbahis car"
                    HPOS="344.0"
                    VPOS="1114.0"
                    WIDTH="1131.0"
                    HEIGHT="97.0"></String>
          </TextLine>

          
          
          <TextLine ID="eSc_line_349c93a6"
                    TAGREFS="LT2632"
                    BASELINE="348 1272 1461 1233" 
                    HPOS="347.0"
                    VPOS="1190.0"
                    WIDTH="1114.0"
                    HEIGHT="101.0">
            <Shape><Polygon POINTS="348 1272 348 1291 458 1288 460 1288 462 1288 498 1274 542 1282 543 1282 544 1282 545 1282 557 1273 593 1279 594 1279 595 1279 597 1279 611 1270 636 1281 642 1282 643 1282 644 1282 660 1279 697 1270 707 1277 710 1279 711 1279 712 1279 713 1279 752 1277 753 1277 758 1274 776 1265 811 1272 829 1275 830 1275 854 1270 888 1263 902 1268 911 1272 912 1272 913 1272 954 1270 956 1270 965 1265 980 1258 1017 1263 1049 1268 1050 1268 1052 1268 1071 1260 1091 1254 1149 1258 1199 1260 1200 1260 1202 1260 1225 1254 1247 1249 1262 1252 1279 1256 1280 1256 1281 1256 1282 1256 1306 1250 1320 1247 1334 1249 1384 1256 1385 1256 1386 1256 1399 1250 1443 1254 1444 1254 1445 1254 1446 1254 1461 1245 1461 1233 1455 1200 1416 1200 1391 1190 1390 1190 1389 1190 1388 1190 1344 1204 1340 1205 1308 1205 986 1205 985 1205 893 1219 886 1219 883 1219 804 1209 803 1209 712 1210 711 1210 671 1226 649 1215 648 1215 647 1215 645 1215 603 1229 599 1229 597 1229 545 1217 544 1217 415 1220 347 1237 348 1272"/></Shape>
	    <String CONTENT="gi conois ma mort ⁊ sai de uoir pues que merciz ne mi puet"
                    HPOS="347.0"
                    VPOS="1190.0"
                    WIDTH="1114.0"
                    HEIGHT="101.0"></String>
          </TextLine>

          
          
          <TextLine ID="eSc_line_11fcdecd"
                    TAGREFS="LT2632"
                    BASELINE="349 1340 624 1336 1471 1306" 
                    HPOS="348.0"
                    VPOS="1263.0"
                    WIDTH="1123.0"
                    HEIGHT="92.0">
            <Shape><Polygon POINTS="349 1340 349 1354 543 1354 543 1352 544 1352 567 1346 570 1346 572 1346 598 1355 599 1355 601 1355 602 1355 635 1345 639 1343 648 1343 744 1352 745 1352 813 1338 825 1337 839 1338 933 1347 934 1347 1040 1343 1041 1343 1090 1331 1100 1328 1109 1329 1163 1340 1165 1340 1166 1340 1186 1332 1203 1338 1204 1338 1206 1338 1325 1334 1326 1334 1367 1322 1376 1319 1470 1319 1471 1306 1467 1265 1325 1263 1323 1263 1322 1263 1289 1272 1268 1277 1221 1274 1193 1273 1191 1273 1167 1277 1129 1282 1111 1278 1094 1275 1093 1275 1091 1275 1090 1275 1084 1279 1076 1284 972 1287 966 1284 947 1275 945 1275 944 1275 854 1284 833 1279 831 1279 830 1279 829 1279 786 1291 776 1293 760 1292 729 1290 727 1290 726 1290 707 1295 698 1296 683 1295 590 1287 589 1287 588 1287 586 1287 569 1300 567 1300 531 1290 530 1290 529 1290 478 1300 435 1292 434 1292 348 1308 349 1340"/></Shape>
	    <String CONTENT="riens ualoir. ne sai ou nul cõseil preigne ke ses orguoilz mocit"
                    HPOS="348.0"
                    VPOS="1263.0"
                    WIDTH="1123.0"
                    HEIGHT="92.0"></String>
          </TextLine>

          
          
          <TextLine ID="eSc_line_6b50aa07"
                    TAGREFS="LT2632"
                    BASELINE="355 1418 1446 1379" 
                    HPOS="352.0"
                    VPOS="1338.0"
                    WIDTH="1094.0"
                    HEIGHT="101.0">
            <Shape><Polygon POINTS="355 1418 356 1439 408 1431 433 1437 435 1437 437 1437 438 1437 439 1437 442 1436 466 1425 519 1433 534 1434 535 1434 553 1432 610 1420 702 1424 753 1427 754 1427 756 1427 772 1422 798 1414 868 1418 935 1420 936 1420 988 1418 989 1418 1002 1411 1011 1406 1036 1410 1077 1415 1079 1415 1080 1415 1106 1406 1120 1402 1138 1405 1175 1411 1176 1411 1177 1411 1197 1402 1203 1400 1218 1401 1244 1405 1245 1405 1286 1398 1306 1396 1316 1397 1361 1404 1362 1404 1445 1391 1446 1379 1443 1341 1341 1338 1340 1338 1339 1338 1338 1338 1329 1345 1318 1351 1297 1346 1288 1343 1286 1343 1285 1343 1284 1343 1277 1346 1259 1355 1122 1357 1111 1352 1106 1350 1104 1350 1103 1350 1081 1354 1036 1361 1007 1356 993 1354 992 1354 990 1354 989 1354 984 1357 974 1364 931 1365 915 1359 899 1354 898 1354 897 1354 824 1356 822 1356 803 1364 786 1370 776 1364 772 1361 771 1361 770 1361 716 1360 715 1360 713 1360 692 1368 672 1374 643 1369 608 1364 607 1364 570 1365 569 1365 548 1373 530 1381 449 1382 430 1377 411 1372 410 1372 408 1372 407 1372 388 1378 375 1383 352 1381 355 1418"/></Shape>
	    <String CONTENT="⁊ li maaigne. he fnͣche riens cruels tant mar uos ni qant"
                    HPOS="352.0"
                    VPOS="1338.0"
                    WIDTH="1094.0"
                    HEIGHT="101.0"></String>
          </TextLine>

          
          
          <TextLine ID="eSc_line_e6fc4adf"
                    TAGREFS="LT2632"
                    BASELINE="351 1500 1449 1454" 
                    HPOS="348.0"
                    VPOS="1411.0"
                    WIDTH="1101.0"
                    HEIGHT="116.0">
            <Shape><Polygon POINTS="351 1500 352 1527 443 1509 485 1516 487 1516 488 1516 508 1506 538 1506 558 1516 561 1518 562 1518 563 1518 565 1518 574 1515 626 1501 672 1510 685 1512 686 1512 688 1512 697 1509 729 1497 783 1505 807 1507 808 1507 931 1502 933 1502 949 1496 967 1489 993 1493 995 1493 997 1493 1000 1493 1052 1483 1077 1489 1099 1495 1100 1495 1102 1495 1103 1495 1121 1487 1135 1479 1191 1478 1207 1482 1229 1489 1230 1489 1231 1489 1232 1489 1234 1489 1244 1480 1258 1488 1259 1488 1261 1488 1308 1480 1354 1484 1355 1484 1357 1484 1402 1471 1420 1468 1448 1469 1449 1454 1446 1416 1377 1411 1376 1411 1375 1411 1353 1419 1322 1411 1321 1411 1320 1411 1318 1411 1285 1424 1280 1425 1272 1424 1202 1415 1200 1415 1161 1423 1139 1415 1138 1415 1136 1415 1006 1420 980 1422 979 1422 948 1438 944 1441 816 1445 812 1445 740 1432 739 1432 607 1454 399 1454 398 1454 348 1464 351 1500"/></Shape>
	    <String CONTENT="por ma mort nasqͥstes senz merci. Que ferai dex partirai"
                    HPOS="348.0"
                    VPOS="1411.0"
                    WIDTH="1101.0"
                    HEIGHT="116.0"></String>
          </TextLine>

          
          
          <TextLine ID="eSc_line_f3941b01"
                    TAGREFS="LT2632"
                    BASELINE="351 1579 1462 1534" 
                    HPOS="348.0"
                    VPOS="1486.0"
                    WIDTH="1114.0"
                    HEIGHT="110.0">
            <Shape><Polygon POINTS="351 1579 351 1591 539 1596 540 1596 590 1593 592 1593 593 1593 607 1582 610 1580 624 1582 699 1589 701 1589 783 1575 795 1574 799 1575 824 1584 825 1584 826 1584 920 1571 956 1566 981 1569 1011 1571 1012 1571 1038 1566 1061 1562 1070 1565 1088 1573 1089 1573 1090 1573 1091 1573 1126 1564 1145 1559 1157 1562 1168 1566 1170 1566 1171 1566 1172 1566 1173 1566 1179 1561 1181 1559 1286 1553 1297 1557 1308 1562 1309 1562 1311 1564 1364 1564 1364 1562 1366 1562 1367 1562 1379 1555 1388 1550 1461 1551 1462 1534 1457 1486 1348 1489 1347 1489 1345 1489 1279 1510 1253 1510 1223 1495 1222 1495 1221 1495 1186 1496 1185 1496 1184 1496 1153 1514 1093 1502 1091 1502 1090 1502 1089 1502 1066 1518 1027 1519 990 1506 989 1506 988 1506 986 1506 985 1506 958 1521 884 1519 883 1519 848 1525 822 1518 821 1518 820 1518 818 1518 817 1518 802 1528 760 1519 758 1519 677 1533 617 1519 615 1519 613 1519 608 1519 517 1539 439 1527 438 1527 437 1527 435 1527 389 1539 348 1530 351 1579"/></Shape>
	    <String CONTENT="de li ainz q̃ samors me per ait tot ocis. nenil uoir las aĩz"
                    HPOS="348.0"
                    VPOS="1486.0"
                    WIDTH="1114.0"
                    HEIGHT="110.0"></String>
          </TextLine>

          
          
          <TextLine ID="eSc_line_e230e542"
                    TAGREFS="LT2632"
                    BASELINE="349 1655 1464 1611" 
                    HPOS="347.0"
                    VPOS="1564.0"
                    WIDTH="1117.0"
                    HEIGHT="110.0">
            <Shape><Polygon POINTS="349 1655 349 1666 413 1674 415 1674 416 1674 449 1664 452 1664 456 1664 494 1668 496 1668 544 1661 556 1660 560 1661 584 1668 585 1668 586 1668 588 1668 613 1659 620 1657 640 1659 692 1661 693 1661 694 1661 704 1656 711 1653 715 1656 731 1664 733 1664 734 1664 808 1661 810 1661 827 1652 835 1648 875 1646 952 1644 963 1648 970 1651 971 1651 972 1651 974 1651 985 1648 1007 1642 1071 1642 1084 1644 1102 1650 1103 1650 1104 1650 1353 1639 1354 1639 1362 1637 1376 1632 1464 1633 1464 1611 1462 1578 1423 1564 1422 1564 1421 1564 1420 1564 1394 1570 1345 1566 1344 1566 1343 1566 1313 1575 1289 1569 1288 1569 1286 1569 1285 1569 1244 1586 1206 1573 1204 1573 1203 1573 1115 1575 1080 1579 1079 1579 1077 1579 1061 1593 936 1597 880 1587 879 1587 877 1587 818 1602 817 1602 754 1589 753 1589 656 1593 654 1593 621 1610 620 1611 583 1611 566 1603 565 1603 563 1603 562 1603 540 1612 430 1610 429 1610 347 1620 349 1655"/></Shape>
	    <String CONTENT="mestuet estre ensi. qamors me tient a sa uolente pris. qͥ a"
                    HPOS="347.0"
                    VPOS="1564.0"
                    WIDTH="1117.0"
                    HEIGHT="110.0"></String>
          </TextLine>

          
          
          <TextLine ID="eSc_line_1307feba"
                    TAGREFS="LT2632"
                    BASELINE="362 1737 1511 1696" 
                    HPOS="360.0"
                    VPOS="1646.0"
                    WIDTH="1151.0"
                    HEIGHT="115.0">
            <Shape><Polygon POINTS="362 1737 363 1761 435 1742 585 1741 604 1749 610 1752 611 1752 612 1752 628 1748 662 1741 676 1747 683 1749 684 1749 685 1749 738 1747 739 1747 748 1743 774 1732 830 1739 862 1743 863 1743 865 1743 883 1737 890 1734 895 1735 909 1741 911 1741 912 1741 1091 1729 1150 1733 1152 1733 1153 1733 1177 1723 1193 1715 1225 1714 1421 1711 1439 1720 1440 1720 1441 1720 1443 1720 1470 1709 1476 1706 1508 1706 1511 1696 1505 1646 1359 1651 1358 1651 1354 1652 1318 1670 1266 1657 1254 1655 1253 1655 1252 1655 1250 1655 1247 1659 1226 1671 1171 1662 1170 1662 1168 1662 1132 1676 1068 1668 1035 1662 1034 1662 936 1666 935 1666 934 1666 922 1674 908 1684 883 1679 881 1679 838 1687 815 1680 808 1678 807 1678 806 1678 786 1682 745 1689 715 1684 676 1679 675 1679 674 1679 643 1688 639 1689 636 1689 621 1682 620 1682 619 1682 572 1685 571 1685 570 1685 560 1693 551 1698 360 1702 362 1737"/></Shape>
	    <String CONTENT="mon cuer en sa li por morir mis. ne iamais ne sen remiẽgne"
                    HPOS="360.0"
                    VPOS="1646.0"
                    WIDTH="1151.0"
                    HEIGHT="115.0"></String>
          </TextLine>

          
          
          <TextLine ID="eSc_line_99b267b2"
                    TAGREFS="LT2632"
                    BASELINE="357 1812 1486 1769" 
                    HPOS="355.0"
                    VPOS="1715.0"
                    WIDTH="1131.0"
                    HEIGHT="115.0">
            <Shape><Polygon POINTS="357 1812 357 1821 504 1819 538 1826 539 1826 540 1826 542 1826 566 1819 585 1830 586 1830 588 1830 589 1830 624 1829 625 1829 662 1812 663 1812 665 1812 704 1823 706 1823 707 1823 708 1823 742 1812 772 1823 774 1823 775 1823 843 1806 856 1803 870 1805 904 1810 906 1810 907 1810 929 1803 938 1801 944 1802 986 1815 988 1815 989 1815 1171 1807 1172 1807 1209 1793 1221 1788 1329 1785 1336 1789 1349 1794 1350 1794 1352 1794 1485 1783 1486 1769 1480 1715 1413 1737 1345 1738 1291 1724 1285 1723 1284 1723 1282 1723 1167 1730 1166 1730 1134 1746 1085 1741 1084 1741 1031 1749 984 1742 983 1742 916 1753 898 1743 886 1738 885 1738 884 1738 835 1746 761 1743 760 1743 758 1743 740 1752 716 1764 592 1765 578 1760 554 1751 553 1751 552 1751 494 1753 493 1753 492 1753 476 1764 453 1755 452 1755 451 1755 449 1755 413 1767 401 1773 392 1769 379 1764 378 1764 376 1764 375 1764 355 1770 357 1812"/></Shape>
	    <String CONTENT="se ceste amors mocit bien len couengne. melz aim morir ẽsi"
                    HPOS="355.0"
                    VPOS="1715.0"
                    WIDTH="1131.0"
                    HEIGHT="115.0"></String>
          </TextLine>

          
          
          <TextLine ID="eSc_line_3d9fd115"
                    TAGREFS="LT2632"
                    BASELINE="362 1885 1458 1847" 
                    HPOS="360.0"
                    VPOS="1799.0"
                    WIDTH="1098.0"
                    HEIGHT="106.0">
            <Shape><Polygon POINTS="362 1885 363 1905 434 1893 469 1902 476 1903 478 1903 479 1903 503 1901 544 1896 558 1898 567 1901 569 1901 570 1901 584 1898 630 1887 645 1894 647 1894 648 1894 649 1894 679 1885 715 1892 716 1892 717 1892 738 1885 776 1892 788 1893 789 1893 874 1890 875 1890 881 1888 911 1876 956 1885 962 1887 963 1887 981 1885 1100 1869 1130 1869 1149 1878 1150 1878 1152 1878 1153 1878 1173 1867 1189 1875 1190 1875 1191 1875 1193 1875 1194 1875 1207 1866 1276 1866 1293 1875 1294 1875 1295 1875 1297 1875 1298 1875 1300 1875 1348 1861 1372 1872 1373 1872 1375 1872 1376 1872 1458 1869 1458 1847 1453 1799 1334 1803 1332 1803 1330 1805 1307 1815 1262 1807 1252 1806 1250 1806 1249 1806 1248 1806 1245 1808 1223 1825 1198 1826 1120 1828 1095 1815 1095 1814 1094 1814 1093 1814 1091 1814 1090 1814 1088 1815 1052 1830 853 1826 852 1826 851 1826 807 1839 645 1843 630 1834 619 1829 617 1829 581 1829 580 1829 504 1837 503 1837 492 1840 461 1851 429 1843 399 1837 398 1837 360 1846 362 1885"/></Shape>
	    <String CONTENT="en boen ꝯsir. ke uiure iriez. nen a ma mort hair. Pues"
                    HPOS="360.0"
                    VPOS="1799.0"
                    WIDTH="1098.0"
                    HEIGHT="106.0"></String>
          </TextLine>

          
          
          <TextLine ID="eSc_line_3320e024"
                    TAGREFS="LT2632"
                    BASELINE="366 1969 986 1940 1461 1926" 
                    HPOS="363.0"
                    VPOS="1883.0"
                    WIDTH="1098.0"
                    HEIGHT="119.0">
            <Shape><Polygon POINTS="366 1969 366 1993 416 2002 417 2002 419 2002 444 1989 465 1979 693 1971 717 1976 765 1988 766 1988 767 1988 818 1975 847 1985 848 1985 849 1985 929 1974 947 1979 948 1979 949 1979 950 1979 952 1979 966 1970 1094 1975 1095 1975 1097 1975 1098 1975 1118 1962 1158 1972 1159 1972 1161 1972 1208 1962 1271 1969 1272 1969 1273 1969 1361 1946 1367 1944 1371 1946 1404 1960 1405 1960 1407 1960 1408 1960 1409 1960 1438 1942 1440 1942 1461 1942 1461 1926 1455 1890 1271 1896 1270 1896 1239 1883 1238 1883 1206 1883 1204 1883 1011 1903 966 1908 958 1906 947 1901 945 1901 944 1901 943 1901 925 1907 911 1911 885 1908 848 1903 847 1903 845 1903 826 1910 811 1916 748 1916 740 1912 725 1907 724 1907 722 1907 721 1907 720 1907 710 1913 703 1917 681 1915 624 1906 622 1906 621 1906 598 1917 589 1921 560 1919 493 1911 492 1911 363 1924 366 1969"/></Shape>
	    <String CONTENT="que mes cuers ne sen uuet reuenir de uos dẽme por cui"
                    HPOS="363.0"
                    VPOS="1883.0"
                    WIDTH="1098.0"
                    HEIGHT="119.0"></String>
          </TextLine>

          
        </TextBlock>
        

        
        <TextBlock ID="eSc_dummyblock_">
          
          
          <TextLine ID="eSc_line_a881d305"
                    TAGREFS="LT2632"
                    BASELINE="240 1094 281 1091" 
                    HPOS="237"
                    VPOS="1041"
                    WIDTH="44"
                    HEIGHT="63">
            <Shape><Polygon POINTS="240 1094 240 1103 280 1104 281 1091 275 1041 237 1053 240 1094"/></Shape>
	    <String CONTENT=".ii."
                    HPOS="237"
                    VPOS="1041"
                    WIDTH="44"
                    HEIGHT="63"></String>
          </TextLine>

          
        </TextBlock>
        
      </PrintSpace>
    </Page>
  </Layout>
</alto>
