1670 2306
362.0 93.0 1088.0 159.0 feisse clamor se ieusse de moi uenger puissance. Ne tnͣche

361.0 239.0 1097.0 68.0 riens puis qen ur̃e menaie me sui toz mis tͦp mi secorrez

361.0 288.0 1098.0 83.0 lent. car dons nest pas cortois qͥ tͦp delaie ainz ml̾t celui qͥ

357.0 353.0 1106.0 77.0 si atent. cuns petiz dons ualt meuz se dex me uoie con

370.0 420.0 1102.0 83.0 fait cortoisement. ke cent greignor fait ennoieusement. car

360.0 495.0 1101.0 73.0 qui lo sien done recreianment. son gre ipert ⁊ si ꝑ coste

360.0 557.0 1115.0 79.0 alsiment. con il feroit al point que bien lemploie. Ne cu

357.0 634.0 1110.0 78.0 diez pas dame que ie recroie de uos seruir seruir se morz nel

348.0 700.0 1116.0 76.0 me defaut. kar fine amors tient mõ cuer ⁊ maistroie. qͥ tot lo

358.0 777.0 1106.0 71.0 done a uos entierement. si nai pooir dame que de moi aie

353.0 845.0 1122.0 79.0 ce mauĩet ml̾t souent. q̃ tͤͦspansis mobli entre la gent. q̃ tel

352.0 918.0 1121.0 77.0 desir ai neis del pansement. ⁊ de la ioie q̃ de uos atent. se ce

355.0 990.0 1104.0 83.0 nestoit ia parler nen q̃rroie. Chancons ua ten la ou mes

349.0 1059.0 1114.0 78.0 cuers tenuoie ne lois dire altremant. la troueras se mes

356.0 1131.0 1112.0 79.0 sens. ne ten mant. cors senz m̾ci. graille ⁊ gras blanc ⁊ gẽt

356.0 1206.0 1139.0 81.0 simple ⁊ sage de dolz aꝯitemant. cler uis riant. o larbialte raz

1464 1189 40 46 ue

515 1356 945 83 olt me meruoil de ma dame ⁊ de moi. quensi me tient

360.0 1519.0 1108.0 84.0 qnͣt plus sius lonz de li. bien cuit garir loure que ie la uoi

353.0 1674.0 1126.0 90.0 mais lors double li mals dõt ie moci. si mait dex trop fiere cho

352.0 1838.0 1101.0 95.0 se a ci. kant ie morrai por tant que ie la ui. mais ie me si
