4985 6606
1002.0 866.0 3146.0 209.0 nourry et gouu̾ne Ie tachetay du lion ou tu estoies en

1031.0 983.0 3146.0 198.0 enfance, et depuis tay fait tout tel cõme tu es, si ne

1024.0 1108.0 3201.0 183.0 dois ce plaisir auoir mis en oubly, Mais dois estre A

1027.0 1233.0 3245.0 150.0 ton pouoir apareillie de moy, Recompencer, tout ainsi

1035.0 1324.0 3124.0 173.0 ꝯme Ie te uouldroie ou pourroie Requerir, Ores ce

1013.0 1445.0 3153.0 140.0 ueil mon conseil Reueler, lequel est et ueil quil soit

1016.0 1552.0 3165.0 128.0 si secret que nul si non moy et toy en saiche ou puisse

994.0 1651.0 3352.0 169.0 aucune chose sauoir, Et en le moy prõmetant croistray

1027.0 1754.0 3139.0 139.0 ton auoir de uint ẜẜ dargent, Celui qui ne pẽcoit

987.0 1857.0 3190.0 143.0 mie la desloyaulte de la dame, desirant estre en sa

998.0 1970.0 3135.0 165.0 grace de plus en plus, ꝯuoitant la s̾man quelle lui

987.0 2077.0 3153.0 158.0 ꝓmetoit sacorda a sa Requeste, qui fut telle HI scez

987.0 2198.0 3142.0 143.0 set elle que Ie suy Ieune Dame belle ꝯme cħun le dit

958.0 2301.0 3186.0 154.0 Ie suy Riche dieu mercy ⟦Iay⟧ Iay des biens largement

980.0 2414.0 3057.0 151.0 ⁊ trop a mon gre, Car Iay ung seignr̃ A mary qui

972.0 2517.0 3198.0 158.0 plus est uielx .xxx. ans quil ne me feust mestier se

980.0 2631.0 3223.0 147.0 en uouldroie estre despeschier par quelque moien que

958.0 2734.0 3175.0 150.0 Ie de moy ne puis bonnement trouu̾ sans le conseil

994.0 2851.0 3117.0 147.0 dautruy, Or ꝯme Ie tay Ia dit ay Ie en toy parfaicte

1013.0 2943.0 3131.0 150.0 fiañ. Et A este mon esperance que Ad ce faire me

1009.0 3060.0 3135.0 132.0 sauras mielx aidier que nul hõme uiuant, Sy fault

991.0 3170.0 3197.0 151.0 que tu qui as par toux lieux ceans loy, et liberte daler

1013.0 3284.0 3090.0 143.0 Deuenir et ꝯmrar, te tremuee en ceste iournee en la

991.0 3387.0 3157.0 150.0 cigure, Et que en la uiande qui sera portee deuant le

983.0 3501.0 3198.0 143.0 mari ꝯmen tu metes secretement certain poisons que

991.0 3611.0 3157.0 183.0 Ie te uailleray affin que de son corps ne soie Iamais

991.0 3732.0 690.0 180.0 empeschiee

1475.0 3809.0 2651.0 165.0 Sainte marie ꝯme fait guinement mout dolant, et

1365.0 3901.0 2801.0 191.0 esm̾ueillie quant Il oiz a sa dame Racompt̾

1361.0 4025.0 2827.0 158.0 telle cruaulte Ie se seigna assez de la m̾ueille

958.0 4125.0 3223.0 176.0 puis lui Rp̾ndi MERCI ma dame fet Il pour dieu Reg̾dez

987.0 4253.0 3172.0 154.0 que uous dictes, Et aies pitie de urẽ enfant bonsuomet

994.0 4363.0 3062.0 140.0 qui tant est doulcet et plaisant damoisel de son aaige

991.0 4459.0 3182.0 143.0 quon monde Ie croy na son ⟦pla⟧ pareil, Il na que sept ans

998.0 4565.0 3098.0 143.0 encores en enuiron, Et Ia le uoulez faire mourir, Re

994.0 4668.0 3040.0 150.0 pencez uous se le pere auiez ociz que uous neussiez

994.0 4771.0 3076.0 150.0 ansi bñ.  tue lenfant qui encores en ygnocence, Sy

991.0 4866.0 3127.0 165.0 m Auries certes, qui seroit ausi piteuse chose ꝯme

972.0 4976.0 3098.0 132.0 du pe̾, Or me merueil qui uous moult Et qui ⟦se⟧ ce

987.0 5068.0 3139.0 150.0 uous conseille a faire ⟦par son faulx malice⟧ Ie croy q̃

980.0 5171.0 3127.0 172.0 cest le deable ꝑ son mauuaix malice qui uous suida

983.0 5288.0 3183.0 158.0 au Iour duy decepuoir, dont dieux ⟦gart⟧ uous, ⟦Et⟧

980.0 5387.0 3171.0 176.0 du faire ⁊ moy de la ꝯsentie, Car par la foy que Ie

1002.0 5486.0 3109.0 242.0 doy, a celui qui me fist Iaymeroie, mielx mourir que

4305.0 488.0 114.0 121.0 2
