2922 4219
433 239 924 112 M ais ne me tieng paz a paiez

431 328 891 122 De ceste choze cele est uoire

438 431 908 115 Sire ce ne fait pas a croire

601 527 893 109 ors se part li uesques doup̃stre

562 602 870 110 Qui ne tient pas le fait a feste.

436 684 795 117 L i prestres ne sesmaie mie

436 775 987 120 Q uil seit bien quil at bone amie

438 871 868 113 C est sa borce qui ne li faut

412 975 873 96 P or amende ne por defaut

616 1052 835 117 ue que foz dort ⁊ termes uient

647 1132 755 126 i termes uint ⁊ cil reuient

433 1216 758 122 .xx. liures en une corroie

415 1321 839 108 T ouz ses ⁊ de bone monoie

405 1406 755 122 A porta li prestres o soi

438 1500 936 124 N a garde quil ait fain ne soi

393 1593 1011 122 Q nͣt lesuesques le uoit uenir

438 1675 858 118 D e parleir ne se pot tenir

412 1786 849 91 P restres consoil aueiz eu

424 1856 830 119 Q ui aueiz uotre senz beu

417 1952 971 124 S ire consoil oi ge cens faille

436 2048 1048 120 M ains a consoil na fiert bataille

433 2142 957 117 N e uos en deueiz meruillier

431 2226 985 122 Q ua consoil doit ou concillier

433 2318 985 121 D ire uos weul ma conscience

422 2404 766 125 ⁊ cil i afiert penitance

424 2498 966 127 O u soit dauoir ou soit de cors

429 2587 844 124 A dons si me corrigiez lors

590 2679 878 126 euesques si de li saprouche

607 2775 931 117 Q̾ parleir ipout bouche a bouche

422 2861 849 115 ⁊ li prestres lieue la chiere

403 2939 1055 133 Qui lors nont pas monoie chiere

398 3035 971 122 D e soz sa chape tint largent

393 3136 997 117 N e lozat montreir p᷑ la gent

396 3229 1006 115 E n concillant conta son conte

408 3309 1001 120 S ire ci na fiert plus lonc conte

410 3398 1006 131 M es asnes ac lonc tans uescu

356 3487 933 148 M out auoie en li boen escu

1538 307 978 152 I l mat serui ⁊ uolentiers

1526 424 1058 136 M l̾t loiaument .xx. ans entiers

1547 530 847 120 S e ie soie de dieu assoux

1536 614 1167 121 C hacun an gaiaingnoit .xx. soux

1531 693 1189 134 T ant quil at espairgnie .xx. liures

1543 789 1102 132 P our ce quil soit denfer deliures

1533 888 1060 126 L es uos laisse en son testament

1550 977 1024 131 ⁊ dist lesuesques diex lament

1543 1066 938 120 ⁊ si li pardoint ces meffais

1564 1155 973 127 ⁊ toz les pechiez quil at fais

1683 1263 744 101 nsi con uos aueiz oy

1686 1326 788 143 Dou riche prestre sesioy

1510 1432 1069 126 L euesques por ce quil mesprit

1505 1523 861 120 A bontei faire li aprist

1524 1610 1100 126 R utebues nos dist ⁊ enseigne

1512 1692 1126 129 Q ui deniers porte a sa besoingne

1536 1786 1116 121 N e doit douteir mauuais lyens

1533 1872 964 122 L i asnes remest crestiens

1507 1971 1018 115 A tant la rime uos en lais

1547 2060 1067 131 Q uil paiat bien ⁊ bel son lais.

1573 2165 232 87 E x

1869 2158 403 108 pli cit

1566 2250 969 114 Ci en coumence la desputisons

1571 2329 668 108 D e charlot ⁊ dou

1597 2409 677 115 Barbier de meleun.

1932 2507 750 129 Autrier .i. ior ioeir maloie

1946 2606 584 110 deuers lui suerrois

1962 2707 558 103 saint Germain

1972 2777 863 124 Plus matin que ie ne soloie

1972 2871 797 110 qͥ ne lief pas uolent̾s main

1561 2929 1006 127 S i uis challot enmi ma uoie

1557 3044 1092 115 Q ui le barbier tint par la main

1554 3147 1065 113 ⁊ bien moustroient toute uoie

1543 3232 1121 122 Q uil nierent pas couzin g̾main

1618 3321 713 110 l se disoient uilonie

1606 3412 896 115 ⁊ ce getoient gas de uoir

1552 3506 1072 127 C harlot tu uas en compaignie
