4211 5331
1016.0 536.0 821.0 195.0 Segezitices de symon

1016.0 684.0 1093.0 118.0 Se conuoiteux de excessis dons

1025.0 781.0 1250.0 134.0 En lacourt du pappe ⁊ des princes

1034.0 870.0 1203.0 128.0 Ne fuc bien gouuerne ly mons

1031.0 962.0 1227.0 133.0 Cest ce qui destruit les prouinces

983.0 1042.0 1289.0 157.0 ⁋ Orgueil descongnoissance nuit

1043.0 1143.0 1446.0 166.0 Aux cours deglise aux cours royaulx.

1043.0 1258.0 1069.0 128.0 Conuoitise yest iour ⁊ anuit

1043.0 1347.0 1268.0 124.0 Qui ueult auoir lor a monceaulx

1046.0 1427.0 1129.0 139.0 Cest telle qui adnonce ceaulx

1040.0 1522.0 1253.0 136.0 Qui nen sont dignes cest lipons

1031.0 1611.0 1218.0 139.0 Aux mal entechiez aux felons

1019.0 1702.0 1378.0 152.0 Celz gens sont du peuple les princes

1040.0 1821.0 1215.0 127.0 Qui font les poures pays rons

1037.0 1910.0 1295.0 142.0 Cest ce qui destruit les prouinces

992.0 1993.0 972.0 139.0 ⁋ Nulle religion ne luit

1034.0 2090.0 1200.0 128.0 On treuue po degens loyaulx

1034.0 2182.0 1034.0 139.0 Raison drois ⁊ Iustice fuit

1046.0 2271.0 1138.0 139.0 Car haiz sont des desloyaulx

1043.0 2360.0 1188.0 145.0 Il nest q̃  Renars ⁊ louuaulx

1057.0 2464.0 1269.0 139.0 Qui estranglent brebiz moutons

1054.0 2561.0 1159.0 128.0 A uaucem̃t na nulz prodoms

1069.0 2653.0 1360.0 133.0 Li bons dit, ha. mauuais tu puices

1069.0 2754.0 1372.0 124.0 Le temps ont murdriers ⁊ lairons

1078.0 2840.0 1248.0 151.0 Cest ce qui destruit les prouinces

1511.0 3003.0 427.0 216.0 Lemoy.

998.0 3240.0 1455.0 201.0 ⁋ Uray dieu chascun uous mescongnuit

1069.0 3394.0 1058.0 124.0 Et a uers uous le cuer Recuit

1072.0 3476.0 1263.0 143.0 Cler uoiez plus que luis ne lances

1066.0 3580.0 1203.0 136.0 Conuoitens aront du malcuit

1084.0 3684.0 1277.0 124.0 Quant conuoitise par tout bruit

1084.0 3779.0 1316.0 183.0 Cest ce qui destruit les prouinces

2998.0 544.0 481.0 199.0 Balade.

2868.0 755.0 1070.0 174.0 aire despit dõmaige et desplaisir

2643.0 959.0 1236.0 163.0 En lieu cõmun sanz cause ⁊ ce desir

2835.0 894.0 1097.0 124.0 I mure ãnuy ⁊ toute moquerie

2649.0 1060.0 1078.0 139.0 Continuer en toute seignourie

2643.0 1160.0 1001.0 131.0 A ꝑsonne qui a este nourrie

2649.0 1246.0 1295.0 145.0 En franc uouloir ⁊ sanz li faire bien

2649.0 1338.0 1123.0 136.0 Fait estrangier le lieu qui le detrie

2640.0 1436.0 1333.0 139.0 Par faire mal napriuoison pas chien

2578.0 1531.0 1176.0 133.0 ⁋ Aucuns ont eu de ce faire plaisir

2646.0 1622.0 1292.0 131.0 A leurs seruens mais pour ce nest mie

2649.0 1708.0 1129.0 137.0 Q̾ aut̾s deulx doient ensuir sotie

2652.0 1800.0 1357.0 139.0 Nauoir les gieux sur eulx cest gñt folie

2649.0 1904.0 1410.0 142.0 Sires puet moult mais foulz est qui si fie

2652.0 2002.0 1265.0 130.0 De faire autel ne comparer en rien

2661.0 2087.0 1126.0 140.0 A leur seignr̾ le soufrir est folie

2672.0 2188.0 1260.0 125.0 P̶ faire mal napriuoison pas chien

2592.0 2277.0 1272.0 151.0 ⁋ Pour ce uoit on les aucuns deꝑoir

2672.0 2366.0 1355.0 142.0 Qui ne puelent longues soufrir tel uie

2670.0 2467.0 1392.0 133.0 Aux quelz on deust leurs paines remerir

2672.0 2555.0 1135.0 122.0 Aler ailleurs auoir merancolie

2667.0 2638.0 1309.0 131.0 Et ceuls ont droit en la plus grant ꝑtie

2672.0 2736.0 1248.0 133.0 Car chascun doit fuir cout̾ serf lien

2667.0 2822.0 1289.0 148.0 Franchise amer car qui fait uillenie

2667.0 2926.0 1262.0 168.0 P̶ faire mal napriuoison pas chien

3064.0 3177.0 435.0 178.0 Lenuoy .

2581.0 3358.0 1354.0 172.0 ⁋ Prince qui na pas la paine dess̾uie

2658.0 3471.0 1176.0 151.0 Si bault ⁊ scet dire uous ose bien

2658.0 3556.0 1268.0 163.0 Q̾ cil fait mal qui tel hõme iniurie

2631.0 3645.0 1428.0 196.0 Pour faire mal napriuoison pas chien

2886.0 3764.0 673.0 201.0 Aut̾ ⁊ Balade.
