4109 5311
171.0 466.0 800.0 248.0 La folie passe le sens

94.0 634.0 1175.0 189.0 Chascuns scet bñ pour ce repose

171.0 746.0 835.0 153.0 Q̾ depuis q̃ ie fu desmis

174.0 837.0 918.0 157.0 Es liures esquelz ie repose

183.0 944.0 859.0 138.0 Et q̃ des princes fu hais

188.0 1009.0 966.0 153.0 Royaumes ont este enuahis

180.0 1112.0 1036.0 141.0 Ou uoulente regne pour droit

185.0 1200.0 942.0 148.0 Et conuoitise qui uouldroit

185.0 1283.0 1013.0 162.0 Q̾ ie fusse escorchiez tous uis

185.0 1389.0 960.0 145.0 Par or ⁊ argent tout decoit

194.0 1475.0 954.0 156.0 Leglise cheualiers enfans

180.0 1575.0 1071.0 145.0 Et pour ce qui bien si congnoit

191.0 1667.0 703.0 159.0 La folie passe le sens

112.0 1734.0 1210.0 172.0 Qui uoulra si me tance ou chose

188.0 1844.0 980.0 156.0 Car salemons liroys dauis

200.0 1938.0 1219.0 159.0 En mainte escripture ⁊ en prose

194.0 2038.0 1001.0 151.0 Firent par moy liures ⁊ dis

183.0 2139.0 977.0 141.0 Dont les corps ⁊ les esperis

185.0 2230.0 1122.0 142.0 Et chascum qui leurs mos oiroit

191.0 2327.0 957.0 136.0 Et qui encor les retendroit

194.0 2422.0 1216.0 142.0 En pourroit monter en hault pris

200.0 2510.0 1119.0 148.0 Mais foul plaisir ne le uouldroit

203.0 2608.0 930.0 133.0 Ne uolunte contredisans

197.0 2693.0 924.0 145.0 A tout bñ qui lors sestrioit

200.0 2788.0 777.0 162.0 La folie passe le sens

410.0 2991.0 481.0 148.0 Lenuoy.

147.0 3124.0 1311.0 207.0 Prince en resueillant pour le froit

194.0 3260.0 1240.0 139.0 Fut mon couraige moult destroit

197.0 3354.0 960.0 142.0 Et de ce songe esbahissans

194.0 3452.0 1107.0 135.0 Doubtans en fin quil en seroit

200.0 3540.0 1202.0 165.0 Nul bien ny scay en dieu en soit

203.0 3638.0 824.0 233.0 La folie pusse le sens

861.0 3726.0 408.0 180.0 Balade.

1738.0 407.0 1452.0 256.0 Comment les bestes ensuiuent mieulx

1777.0 625.0 1402.0 142.0 leur loy et congnoissent leur nature que

1785.0 711.0 638.0 138.0 les fe hommes.

1883.0 876.0 930.0 150.0 e uoy faire atout animal

1785.0 985.0 1137.0 142.0 Ce que nature lui ensaingne

1744.0 1079.0 1258.0 136.0 Fors qua hõme qui suist tout mas

1765.0 1165.0 1201.0 133.0 Et de son sens ouurez ne daingne

1765.0 1251.0 1269.0 138.0 Cest bñ raison quelle sen plaingne

1774.0 1345.0 1142.0 130.0 Car lomme fait tout arrebours

1765.0 1439.0 1018.0 151.0 ⁊ Beste deuient singes ⁊ ours

1777.0 1531.0 1124.0 136.0 Et quant il doit dormir il ueille

1768.0 1625.0 1104.0 151.0 Muyaux est aueugles ⁊ sours

1777.0 1711.0 1310.0 156.0 Du temps qui court ay grãt m̾ueille

1709.0 1808.0 1006.0 160.0 ¶ Pappe nya ne cardinãl

1782.0 1888.0 1465.0 192.0 Qui pour prandre la croix ne faingne

1785.0 2000.0 1022.0 156.0 Et ligrant prince imꝑial

1788.0 2088.0 1228.0 160.0 neseulent port aut̾ en saingne

1782.0 2204.0 1169.0 138.0 Conuoitise a noble compaigne

1777.0 2298.0 1021.0 130.0 Orgueil ba auec li es cours

1782.0 2378.0 1249.0 156.0 Qui fait aux conseilliers secours

1782.0 2478.0 1323.0 156.0 Faulx semblans aussi les conseille

1782.0 2590.0 1146.0 127.0 La faacon de mueillens tours.

1779.0 2664.0 1364.0 144.0 Du temps qui court ay gñt m̾ueille

1726.0 2752.0 1296.0 157.0 ¶ Il nest mais point destat Royal

1771.0 2859.0 1213.0 150.0 Cil cõme portoit charlemaine

1803.0 2959.0 1027.0 144.0 Ne de conseil iuste ⁊ loyal

1806.0 3053.0 1322.0 130.0 Qͥ les maulx des princes reprangne

1771.0 3136.0 1298.0 150.0 Ie ne scay hõme qui dieu craingne

1771.0 3242.0 1266.0 148.0 Il nest uertus ne bonnes mours

1809.0 3319.0 1269.0 150.0 Es grans es moyens es menours

1788.0 3407.0 1143.0 180.0 Iustice dort Raison sommeille

1800.0 3522.0 1075.0 139.0 Pite loy ne regne namours

1812.0 3599.0 1278.0 162.0 Du temps qui court ay gñt m̾ueille

1673.0 3685.0 1255.0 357.0 Il ne chant du bien cõmunal

3164.0 351.0 333.0 212.0 .xiiiˣˣ.ui.

3226 4617 254 165 xxxiiii
