2942 4143
699.0 365.0 969.0 136.0 es deur offices darmes et d amours. qͣr

702.0 492.0 996.0 108.0 ceulx qui les uoudront suyr a leur droit

697.0 577.0 967.0 111.0 y aprendront mieulx de fet que ie ne le

699.0 667.0 976.0 117.0 pourroye deuiser pour parole. et pour

692.0 759.0 965.0 94.0 ce menteray. mes du tiers office de qui

692.0 837.0 944.0 102.0 ie ne ne doubte que i aye nul mestre

688.0 920.0 934.0 97.0 comb̃n que ce soit uentance. de celuy

674.0 1001.0 978.0 113.0 uoudray ie parler. cest de chasse. et me

681.0 1116.0 951.0 87.0 tray par chapitres de toutes natures

679.0 1187.0 962.0 104.0 de bestes. et de leurs manieres et me. q̃

676.0 1277.0 983.0 97.0 len chasse cõmunement. Quar aucu

679.0 1362.0 960.0 106.0 nes gens chassent. lions. liepars. che

676.0 1450.0 963.0 101.0 uaulx. et buefs sauuaiges. Et de cela

676.0 1537.0 990.0 99.0 ne uueill ie pas parler quar poy les chas

669.0 1618.0 972.0 110.0 se len. et pou dechiens sont qui les chas

669.0 1698.0 979.0 97.0 sent. Mes des autres bestes que len chas

669.0 1781.0 995.0 94.0 se cõmunement et chiens chassent uou

669.0 1866.0 979.0 108.0 lentiers. entens ie a ꝑler pour aprandre

674.0 1954.0 951.0 110.0 moult de gens qui uuelent chassier qͥ

674.0 2043.0 942.0 95.0 ne le sceuent mie fere einsi cõme ont

672.0 2135.0 962.0 106.0 par auenture la uoulente. Et parle

676.0 2221.0 956.0 117.0 ray p̾mierement des bestes doulces qͥ

674.0 2315.0 939.0 110.0 uiandent pour ce que elles sont plus

676.0 2400.0 972.0 111.0 gentils et plus nobles. Et prem̾em̃t

674.0 2488.0 962.0 99.0 du cerf ⁊ de toute sa nature. Seconde

676.0 2575.0 967.0 111.0 ment du rangier et de toute sa natu

676.0 2660.0 951.0 113.0 re. Tiercement du dain et de toute sa

674.0 2755.0 946.0 108.0 nature. Quartement du bouc et de

672.0 2856.0 967.0 99.0 toute sa nature. Quintement du che

676.0 2939.0 958.0 117.0 ureul et de toute sa nature. Sextemẽt

672.0 3031.0 941.0 108.0 du lieure et de toute sa nature. Septe

674.0 3132.0 960.0 97.0 ment du cõnill et detoute sa nature.

662.0 3213.0 965.0 147.0 Et apres parleray delours et de tou

1793.0 375.0 962.0 152.0 te sa nature. Apres du sangler et de

1793.0 506.0 957.0 101.0 toute sa nature. Ap̾s du lou et detou

1793.0 598.0 983.0 97.0 te sa nature. Apres du renard et de tou

1790.0 678.0 986.0 106.0 te sa nature. Apres du chat et de toute

1793.0 771.0 939.0 96.0 sa nature.Ap̾s du blariau et de toute

1788.0 847.0 967.0 103.0 sa nature. Apres de la loutre et de toute

1788.0 927.0 995.0 111.0 sa nature. Et puys par la grace de dieu

1786.0 1010.0 978.0 124.0 ꝑleray de la nature des chiens qui chas

1781.0 1104.0 949.0 118.0 sent et p̾nent bestes. Et p̾mierement

1781.0 1194.0 956.0 101.0 de la nature des alans. Secondement

1779.0 1282.0 939.0 99.0 de la nature des leuriers.Tiercement

1777.0 1367.0 983.0 101.0 de la nature des chiens courans. Qͣrte

1777.0 1454.0 948.0 115.0 ment de la nature des chiens pour la

1772.0 1537.0 946.0 115.0 ꝑdris et pour la caille. Quintement

1774.0 1620.0 970.0 113.0 de toute nature de chiens meslez. cõme

1774.0 1705.0 951.0 97.0 sont de mastins et dalans. deleuriers

1774.0 1786.0 986.0 99.0 et de chiens courans et d autres sembla

1772.0 1862.0 988.0 126.0 bles. Et ap̾s ꝑleray de la nature et ma

1772.0 1967.0 969.0 104.0 niere que bon ueneour doit auoir. Et

1770.0 2053.0 951.0 105.0 fu cõmencie cest p̾sent liure le p̾mier:

1774.0 2135.0 953.0 111.0 iour de may. lan de grace delincarnaci

1772.0 2228.0 937.0 117.0 on nostre seigneur que on cõtoit mil

1770.0 2320.0 960.0 101.0 trois cens quatre uinz. ⁊ .uii. Et cest li

1770.0 2407.0 978.0 104.0 ure i ay cõmencie a ceste fin que ie uueill

1767.0 2492.0 981.0 113.0 que chescũs sachent qui cest liure uerrõt

1767.0 2582.0 935.0 104.0 ou orront que de chasse ie ose bien dire

1770.0 2679.0 951.0 110.0 qu il puet b̃n uenir biau coup de bien.

1767.0 2764.0 954.0 122.0 P̾mier on en fuyt touz les sept pechiez

1767.0 2856.0 930.0 106.0 mortieulx. Secondement on en est

1767.0 2948.0 944.0 113.0 mieulx cheuauchant. et plus iuste et

1763.0 3040.0 983.0 110.0 plus entendant. Et plus apert et plus

1767.0 3127.0 949.0 113.0 aysie et plus entrep̾nant et mieulx:

1765.0 3226.0 988.0 141.0 cognoissant touz pais et touz passages
