3073 4143
285.0 379.0 974.0 143.0 Et brief ⁊ court. toutes bõnes coustumes

287.0 510.0 951.0 102.0 et meurs en uienent. et la saluation

276.0 586.0 967.0 127.0 de lãme. Quar qui fuyt les sept pechiez

283.0 676.0 943.0 104.0 mortelx selon nostre foy il deuroit estre

283.0 759.0 939.0 104.0 sauue.Donc bon ueneour sera sauue

283.0 837.0 969.0 106.0 et en cest monde ara asses de ioye de lies

287.0 918.0 969.0 117.0 ce et de deduit mes quil se garde de deux

290.0 994.0 985.0 129.0 choses: Lune quil ne perde la cognoissan

290.0 1097.0 966.0 109.0 ce ne le seruice de dieu. de qui tout bien di

292.0 1176.0 944.0 131.0 ent pour sa chasse: Lautre quil ne perde

292.0 1275.0 964.0 115.0 le seruice de son mestre ne ses propres be

292.0 1353.0 964.0 122.0 soignes qui plus li pourroyent monter

296.0 1452.0 958.0 101.0 Ore te ꝓueray cõment bon ueneour ne

301.0 1521.0 953.0 126.0 puet auoir par rayson nul des .uii. pe

303.0 1601.0 979.0 127.0 chiez mortelx: Premier tu sces bien que

306.0 1680.0 960.0 129.0 ocieusete est cause de touz les sept pechiez

308.0 1769.0 960.0 113.0 mortelx. quar quant on est ocieux ⁊ ne

306.0 1866.0 962.0 108.0 gligent sans trauaill et ne se occupe en

308.0 1947.0 937.0 94.0 fere aucune chose. et demuere en son lit

308.0 2027.0 962.0 104.0 ou en sa chambre. cest une chose qui tire

315.0 2112.0 928.0 122.0 a ymagination du plaisir de lachar.

315.0 2204.0 944.0 113.0 quar il na cure fors qƷ de demourer en

319.0 2290.0 986.0 129.0 un lieu et penser en ourgueill. ou en aua

322.0 2384.0 960.0 122.0 rice. ou en ire. ou en paresse. ou en goule.

322.0 2467.0 973.0 126.0 ou en luxure. ou en enuie. quar les yma

324.0 2564.0 937.0 124.0 ginations de lõme uont plus tost a

329.0 2649.0 973.0 133.0 mal que a bien ꝑles trois enemis qu il

336.0 2745.0 973.0 127.0 a. Cest le deable. le monde. et la char. dõc

336.0 2826.0 966.0 133.0 est assez ꝓue. comb̃n quil y ait trop de

342.0 2907.0 974.0 149.0 autres raysons. mes ilz seroient lõgues

342.0 2994.0 944.0 140.0 a dire. Et aussi chascun qui a bonne

345.0 3086.0 944.0 140.0 rayson scet b̾n que ocieusete est fonde

345.0 3176.0 978.0 177.0 ment de toutes males ymaginatiõs.

1365.0 359.0 994.0 158.0 Ore te pueray cõment ymagination est

1374.0 485.0 985.0 113.0 seigneur et mestre de toutes euures bon

1378.0 573.0 979.0 115.0 nes ou mauuaises que len fet ⁊ de tout

1371.0 658.0 960.0 117.0 le corps et membres de lõme. tu sces b̾n

1374.0 752.0 953.0 108.0 que onques euure bõne ou mauuaise

1378.0 828.0 958.0 111.0 soit petite ou grande ne se fist que p̾mier

1378.0 911.0 979.0 110.0 ne fust ymaginee ⁊ pensee. Donc est elle

1383.0 1001.0 953.0 117.0 mestresse. quar selon ce que limagina

1381.0 1090.0 943.0 109.0 tion cõmande len fet lueure bõne ou

1385.0 1173.0 944.0 118.0 mauuaise quele que soit cõme i ay dit.

1385.0 1261.0 965.0 117.0 Et se un hõme pour quant que fust sa

1388.0 1344.0 1008.0 131.0 ge ymaginoit touz iours qu il estoit foul

1388.0 1438.0 976.0 108.0 ou quil eust autre maladie. il en seroit.

1392.0 1528.0 978.0 106.0 quar puis que fermement le cuideroit il

1394.0 1608.0 972.0 104.0 feroit les euures de foul. einsi cõme son

1397.0 1684.0 985.0 118.0 ymagination le cõmanderoit et il le cui

1394.0 1767.0 960.0 113.0 deroit fermement. Si me samble que

1399.0 1852.0 965.0 125.0 asses tay ꝓue dimaginations. comb̃n

1397.0 1951.0 967.0 104.0 que moult dautres raysons y ait les q̃l

1399.0 2030.0 953.0 119.0 les ie laisse pour la longour de lescrip

1404.0 2122.0 955.0 122.0 ture. et pour ce que chescun qui a bõne

1408.0 2207.0 962.0 117.0 rayson scet b̃n que cest u̾ite. Or te ꝓue

1411.0 2294.0 957.0 115.0 ray cõme le bon ueneour ne puet estre

1413.0 2396.0 928.0 99.0 ocieux ne en suyuant ne puet auoir

1415.0 2467.0 981.0 115.0 mauuaises ymaginations ne apres

1417.0 2570.0 976.0 106.0 mauuaises euures. quar lendemain qͥl

1417.0 2658.0 999.0 113.0 deura aler en son office. la nuyt il se cou

1420.0 2738.0 999.0 129.0 chera en son lit et ne pensera que de dor

1422.0 2831.0 999.0 122.0 mir ⁊ soy leuer matin pour fere son of

1422.0 2925.0 978.0 117.0 fice b̃n ⁊diligẽtment einsi que doit fe

1427.0 3012.0 983.0 115.0 re bon ueneour. et naura que fere de pẽ

1424.0 3100.0 969.0 117.0 ser fors de la besoigne qu il a ⁊ est occu

1431.0 3180.0 983.0 166.0 pes. Quar il nest point ocieux ansois
