3073 4143
347 2175 958 138 Ci cõmence le prologue du liure de

349 2267 981 129 chasse que fist le comte febus de foy̾s

352 2366 508 103 seigneur de bearn.

909 2465 421 112 E non et en hou

911 2582 401 78 neur de dieu. cre

909 2665 426 103 atour et seigneur

906 2752 399 95 de toutes choses

909 2842 414 101 et du benoist son

375 2996 930 129 du saint esperit. de toute la sainte trini

877 2932 428 113 filz ih̾u xprist. et

368 3091 914 124 te. et dela uierge marie. Et de touz les

370 3176 928 163 sains et saintes qui sont en la grace de

1436 2204 974 127 dieu. Ie gaston par la grace de dieu surnõ

1436 2299 944 113 me febus Comte de foys seigneur debe

1436 2391 957 104 arn. qui tout mon temps me suy delite.

1438 2469 978 97 par espicial en trois choses. Lune est en ar

1438 2566 990 101 mes: Lautre est en amours. et lautre si est

1436 2649 974 113 en chasse. Et quar des deux offices il y a

1440 2750 958 106 heu trop de meilleurs maistres que ie ne

1440 2840 953 99 suy. Quar trop de meilleurs cheualiers

1438 2927 942 99 ont este que ie ne suy. et aussi moult de

1445 3012 948 104 meilleurs cheances d amours ont heu

1447 3102 974 118 trop de gens que ie n ay. pour ce seroit ce

1440 3187 1032 132 grant nicete si ie en parloye. Mes ie remet
