<?xml version="1.0" encoding="UTF-8"?>
<alto xmlns:xsi="http://www.w3.org/2001/XMLSchema-instance"
      xmlns="http://www.loc.gov/standards/alto/ns-v4#"
      xsi:schemaLocation="http://www.loc.gov/standards/alto/ns-v4# http://www.loc.gov/standards/alto/v4/alto-4-2.xsd">
  <Description>
    <MeasurementUnit>pixel</MeasurementUnit>
    <sourceImageInformation>
      <fileName>btv1b55006072j_f13.jpg</fileName>
      
    </sourceImageInformation>
  </Description>
  
  <Tags>
    <OtherTag ID="BT5657" LABEL="TitlePageZone" DESCRIPTION="block type TitlePageZone"/><OtherTag ID="BT5656" LABEL="TableZone" DESCRIPTION="block type TableZone"/><OtherTag ID="BT5655" LABEL="StampZone" DESCRIPTION="block type StampZone"/><OtherTag ID="BT5654" LABEL="SealZone" DESCRIPTION="block type SealZone"/><OtherTag ID="BT5653" LABEL="RunningTitleZone" DESCRIPTION="block type RunningTitleZone"/><OtherTag ID="BT5652" LABEL="QuireMarksZone" DESCRIPTION="block type QuireMarksZone"/><OtherTag ID="BT5651" LABEL="NumberingZone" DESCRIPTION="block type NumberingZone"/><OtherTag ID="BT5650" LABEL="MusicZone" DESCRIPTION="block type MusicZone"/><OtherTag ID="BT5649" LABEL="MarginTextZone" DESCRIPTION="block type MarginTextZone"/><OtherTag ID="BT5648" LABEL="MainZone" DESCRIPTION="block type MainZone"/><OtherTag ID="BT5647" LABEL="DropCapitalZone" DESCRIPTION="block type DropCapitalZone"/><OtherTag ID="BT5646" LABEL="DigitizationArtefactZone" DESCRIPTION="block type DigitizationArtefactZone"/><OtherTag ID="BT5645" LABEL="DecorationZone" DESCRIPTION="block type DecorationZone"/><OtherTag ID="BT5644" LABEL="DamageZone" DESCRIPTION="block type DamageZone"/><OtherTag ID="BT4" LABEL="Illustration" DESCRIPTION="block type Illustration"/><OtherTag ID="BT3" LABEL="Commentary" DESCRIPTION="block type Commentary"/><OtherTag ID="BT2" LABEL="Main" DESCRIPTION="block type Main"/><OtherTag ID="BT1" LABEL="Title" DESCRIPTION="block type Title"/>
    <OtherTag ID="LT1942" LABEL="InterlinearLine" DESCRIPTION="line type InterlinearLine"/><OtherTag ID="LT1941" LABEL="HeadingLine" DESCRIPTION="line type HeadingLine"/><OtherTag ID="LT1940" LABEL="DropCapitalLine" DESCRIPTION="line type DropCapitalLine"/><OtherTag ID="LT1939" LABEL="DefaultLine" DESCRIPTION="line type DefaultLine"/><OtherTag ID="LT4" LABEL="Signature" DESCRIPTION="line type Signature"/><OtherTag ID="LT3" LABEL="Correction" DESCRIPTION="line type Correction"/><OtherTag ID="LT2" LABEL="Numbering" DESCRIPTION="line type Numbering"/><OtherTag ID="LT1" LABEL="Main" DESCRIPTION="line type Main"/>
  </Tags>
  
  <Layout>
    <Page WIDTH="3033"
          HEIGHT="4139"
          PHYSICAL_IMG_NR="4"
          ID="eSc_dummypage_">
      <PrintSpace HPOS="0"
                  VPOS="0"
                  WIDTH="3033"
                  HEIGHT="4139">
        
        <TextBlock HPOS="211.0"
                   VPOS="340.0"
                   WIDTH="1083.0"
                   HEIGHT="2987.0"
                   ID="eSc_textblock_7ffce85f"
                   TAGREFS="BT5648">
          <Shape><Polygon POINTS="1202 349 1239 386 1294 3154 1257 3327 303 3327 257 3290 211 469 262 340"/></Shape>
          
          
          <TextLine ID="eSc_line_be6ef395"
                    TAGREFS="LT1939"
                    BASELINE="243 443 1214 448" 
                    HPOS="241.0"
                    VPOS="335.0"
                    WIDTH="973.0"
                    HEIGHT="145.0">
            <Shape><Polygon POINTS="243 443 241 462 340 478 342 478 450 469 733 480 735 480 1211 466 1214 448 1214 344 1117 340 1115 340 1112 340 1110 340 1108 342 1094 351 1064 342 1057 340 1055 340 1053 340 1050 340 1043 342 1007 356 963 340 958 340 956 340 954 340 951 340 947 340 889 363 731 363 590 361 577 347 577 344 574 344 572 344 570 344 567 344 533 358 494 338 492 338 489 338 349 356 243 335 243 443"/></Shape>
	    <String CONTENT="le tep̃s cler ⁊ seri. et le chant de ses oyseles"
                    HPOS="241.0"
                    VPOS="335.0"
                    WIDTH="973.0"
                    HEIGHT="145.0"></String>
          </TextLine>

          
          
          <TextLine ID="eSc_line_d4d74aed"
                    TAGREFS="LT1939"
                    BASELINE="250 535 1195 542" 
                    HPOS="248.0"
                    VPOS="464.0"
                    WIDTH="947.0"
                    HEIGHT="113.0">
            <Shape><Polygon POINTS="250 535 248 556 395 572 397 572 533 565 565 577 567 577 570 577 1193 563 1195 542 1193 469 956 469 954 469 951 469 912 482 715 482 692 469 689 466 687 466 685 466 682 466 662 469 590 480 411 480 402 469 397 466 397 464 395 464 393 464 390 464 250 469 250 535"/></Shape>
	    <String CONTENT="qui chantent doulcement. melodieuse"
                    HPOS="248.0"
                    VPOS="464.0"
                    WIDTH="947.0"
                    HEIGHT="113.0"></String>
          </TextLine>

          
          
          <TextLine ID="eSc_line_7a80c9b1"
                    TAGREFS="LT1939"
                    BASELINE="234 625 1207 634" 
                    HPOS="232.0"
                    VPOS="549.0"
                    WIDTH="975.0"
                    HEIGHT="117.0">
            <Shape><Polygon POINTS="232 643 475 662 933 664 935 664 938 664 940 664 956 653 1135 666 1138 666 1204 653 1207 634 1207 567 1115 558 1112 558 1110 558 1096 565 1066 577 997 563 961 556 804 556 802 556 779 558 692 577 475 577 257 565 239 549 234 625 232 643"/></Shape>
	    <String CONTENT="ment ⁊ amoureusement chescun en sõ"
                    HPOS="232.0"
                    VPOS="549.0"
                    WIDTH="975.0"
                    HEIGHT="117.0"></String>
          </TextLine>

          
          
          <TextLine ID="eSc_line_0b3f9b53"
                    TAGREFS="LT1939"
                    BASELINE="246 708 1181 717" 
                    HPOS="243.0"
                    VPOS="636.0"
                    WIDTH="938.0"
                    HEIGHT="115.0">
            <Shape><Polygon POINTS="246 708 243 726 303 728 319 745 319 747 321 747 324 747 326 749 432 749 432 747 434 747 464 731 498 745 501 745 503 745 726 740 738 749 738 751 740 751 742 751 745 751 1179 735 1181 717 1179 653 961 643 958 643 956 643 945 648 917 657 887 646 871 641 869 641 866 641 864 641 848 646 814 657 630 643 627 643 498 655 475 639 473 639 471 639 390 636 388 636 386 636 384 636 384 639 358 653 246 636 246 708"/></Shape>
	    <String CONTENT="lengage du mieulx quilz puent selon"
                    HPOS="243.0"
                    VPOS="636.0"
                    WIDTH="938.0"
                    HEIGHT="115.0"></String>
          </TextLine>

          
          
          <TextLine ID="eSc_line_48bec16e"
                    TAGREFS="LT1939"
                    BASELINE="246 795 1200 800" 
                    HPOS="243.0"
                    VPOS="726.0"
                    WIDTH="957.0"
                    HEIGHT="104.0">
            <Shape><Polygon POINTS="246 795 243 814 480 830 482 830 1198 823 1200 800 1200 742 1172 726 1170 726 1168 726 1000 726 997 726 995 726 942 742 924 731 922 731 919 731 917 731 765 742 751 742 740 742 613 726 611 726 609 726 581 740 301 728 298 728 246 738 246 795"/></Shape>
	    <String CONTENT="ce que nature leur aprent. Et quant le"
                    HPOS="243.0"
                    VPOS="726.0"
                    WIDTH="957.0"
                    HEIGHT="104.0"></String>
          </TextLine>

          
          
          <TextLine ID="eSc_line_f137ae20"
                    TAGREFS="LT1939"
                    BASELINE="248 873 1200 887" 
                    HPOS="246.0"
                    VPOS="802.0"
                    WIDTH="954.0"
                    HEIGHT="108.0">
            <Shape><Polygon POINTS="248 873 246 889 724 910 726 910 1198 903 1200 887 1195 823 1094 827 1060 820 1011 811 1009 811 1007 811 977 820 961 825 926 820 866 811 864 811 770 820 724 823 657 818 404 802 402 802 315 816 266 802 264 802 262 802 259 802 257 802 248 809 248 873"/></Shape>
	    <String CONTENT="souleill sera leue. il uerra celle doulce rou"
                    HPOS="246.0"
                    VPOS="802.0"
                    WIDTH="954.0"
                    HEIGHT="108.0"></String>
          </TextLine>

          
          
          <TextLine ID="eSc_line_1602289c"
                    TAGREFS="LT1939"
                    BASELINE="252 954 738 970 1232 961" 
                    HPOS="250.0"
                    VPOS="880.0"
                    WIDTH="982.0"
                    HEIGHT="115.0">
            <Shape><Polygon POINTS="1195 887 1172 887 1149 887 1142 887 1057 889 1055 889 1023 908 899 908 876 892 873 892 871 892 869 892 462 901 441 889 423 880 420 880 418 880 252 889 252 954 250 977 503 979 503 981 558 995 561 995 563 995 1230 986 1232 961 1227 885 1195 885 1195 887"/></Shape>
	    <String CONTENT="see sus les rainceles et herbetes et le soleill"
                    HPOS="250.0"
                    VPOS="880.0"
                    WIDTH="982.0"
                    HEIGHT="115.0"
                    WC="0.989689541623948"></String>
          </TextLine>

          
          
          <TextLine ID="eSc_line_9822833c"
                    TAGREFS="LT1939"
                    BASELINE="259 1039 662 1055 1198 1055" 
                    HPOS="257.0"
                    VPOS="963.0"
                    WIDTH="941.0"
                    HEIGHT="120.0">
            <Shape><Polygon POINTS="259 1039 257 1069 271 1078 273 1078 275 1078 278 1078 280 1078 305 1064 310 1064 397 1064 418 1066 494 1080 496 1083 1195 1083 1198 1055 1193 995 1085 995 1078 991 1066 981 1066 979 1064 979 1062 979 968 974 965 974 848 981 722 991 572 972 524 968 259 963 259 1039"/></Shape>
	    <String CONTENT="par sa uertu les fera reluysir. cest grant"
                    HPOS="257.0"
                    VPOS="963.0"
                    WIDTH="941.0"
                    HEIGHT="120.0"
                    WC="0.984025387536912"></String>
          </TextLine>

          
          
          <TextLine ID="eSc_line_13933256"
                    TAGREFS="LT1939"
                    BASELINE="259 1129 689 1147 1193 1149" 
                    HPOS="257.0"
                    VPOS="1057.0"
                    WIDTH="936.0"
                    HEIGHT="118.0">
            <Shape><Polygon POINTS="259 1129 257 1156 1188 1175 1193 1149 1193 1092 1175 1083 1172 1083 1170 1083 1168 1083 885 1087 763 1087 758 1083 754 1076 751 1076 751 1073 749 1073 747 1073 745 1073 678 1078 602 1062 600 1062 597 1062 556 1076 538 1080 459 1080 446 1071 416 1057 413 1057 411 1057 259 1064 259 1129"/></Shape>
	    <String CONTENT="playsance et ioye au cuer du ueneour."
                    HPOS="257.0"
                    VPOS="1057.0"
                    WIDTH="936.0"
                    HEIGHT="118.0"
                    WC="0.985645949840546"></String>
          </TextLine>

          
          
          <TextLine ID="eSc_line_0e11e862"
                    TAGREFS="LT1939"
                    BASELINE="262 1218 1221 1241" 
                    HPOS="259.0"
                    VPOS="1142.0"
                    WIDTH="962.0"
                    HEIGHT="118.0">
            <Shape><Polygon POINTS="262 1218 259 1234 356 1255 358 1255 432 1241 448 1255 448 1257 450 1257 452 1257 455 1260 1218 1260 1221 1241 1221 1177 1133 1177 1133 1175 1122 1161 1119 1161 1119 1158 1117 1158 1115 1158 1112 1158 705 1163 653 1163 630 1161 457 1142 455 1142 262 1152 262 1218"/></Shape>
	    <String CONTENT="Apres quant il sera en sa queste et il uer"
                    HPOS="259.0"
                    VPOS="1142.0"
                    WIDTH="962.0"
                    HEIGHT="118.0"
                    WC="0.985052402530398"></String>
          </TextLine>

          
          
          <TextLine ID="eSc_line_6eee440b"
                    TAGREFS="LT1939"
                    BASELINE="259 1301 1218 1322" 
                    HPOS="257.0"
                    VPOS="1243.0"
                    WIDTH="961.0"
                    HEIGHT="111.0">
            <Shape><Polygon POINTS="259 1301 257 1319 685 1345 687 1345 837 1335 928 1349 931 1349 933 1349 981 1338 1110 1354 1112 1354 1216 1340 1218 1322 1216 1253 1126 1264 903 1262 880 1248 873 1246 871 1246 259 1243 259 1301"/></Shape>
	    <String CONTENT="ra ou encontrera b̃n tost sans trop ques"
                    HPOS="257.0"
                    VPOS="1243.0"
                    WIDTH="961.0"
                    HEIGHT="111.0"></String>
          </TextLine>

          
          
          <TextLine ID="eSc_line_14d7d5ba"
                    TAGREFS="LT1939"
                    BASELINE="257 1386 1214 1404" 
                    HPOS="255.0"
                    VPOS="1315.0"
                    WIDTH="959.0"
                    HEIGHT="115.0">
            <Shape><Polygon POINTS="257 1386 255 1404 370 1407 372 1409 395 1425 397 1425 400 1425 402 1425 466 1411 469 1411 471 1411 616 1430 618 1430 1211 1427 1214 1404 1214 1349 1099 1349 1094 1345 1083 1333 1083 1331 1080 1331 1078 1331 1076 1331 1073 1331 1071 1331 1053 1342 1048 1345 1007 1342 1007 1340 979 1324 977 1324 974 1324 972 1324 970 1324 933 1338 922 1345 860 1345 853 1335 848 1333 848 1331 846 1331 843 1331 841 1331 774 1333 676 1338 636 1329 616 1324 613 1324 611 1324 609 1324 607 1324 607 1326 604 1329 595 1338 510 1338 494 1324 485 1315 482 1315 480 1315 478 1315 257 1315 257 1386"/></Shape>
	    <String CONTENT="ter de grant cerf. et le destourn̾a b̃n ⁊ en"
                    HPOS="255.0"
                    VPOS="1315.0"
                    WIDTH="959.0"
                    HEIGHT="115.0"></String>
          </TextLine>

          
          
          <TextLine ID="eSc_line_d9a08651"
                    TAGREFS="LT1939"
                    BASELINE="264 1471 1207 1499" 
                    HPOS="262.0"
                    VPOS="1404.0"
                    WIDTH="945.0"
                    HEIGHT="115.0">
            <Shape><Polygon POINTS="264 1471 262 1490 547 1499 655 1519 657 1519 1204 1517 1207 1499 1207 1425 864 1414 862 1414 860 1414 843 1421 816 1432 701 1430 682 1418 659 1409 657 1409 655 1409 653 1409 616 1418 588 1425 480 1416 317 1404 315 1404 264 1414 264 1471"/></Shape>
	    <String CONTENT="court tour. cest grant ioye et plaisance"
                    HPOS="262.0"
                    VPOS="1404.0"
                    WIDTH="945.0"
                    HEIGHT="115.0"></String>
          </TextLine>

          
          
          <TextLine ID="eSc_line_9f695640"
                    TAGREFS="LT1939"
                    BASELINE="266 1549 1207 1584" 
                    HPOS="264.0"
                    VPOS="1485.0"
                    WIDTH="943.0"
                    HEIGHT="129.0">
            <Shape><Polygon POINTS="266 1549 264 1565 524 1588 526 1588 528 1588 551 1579 641 1598 1085 1614 1087 1614 1204 1600 1207 1584 1207 1522 1147 1508 1145 1508 1009 1513 961 1515 841 1508 519 1485 517 1485 266 1485 266 1549"/></Shape>
	    <String CONTENT="au ueneour. Apres quant il uendra a"
                    HPOS="264.0"
                    VPOS="1485.0"
                    WIDTH="943.0"
                    HEIGHT="129.0"></String>
          </TextLine>

          
          
          <TextLine ID="eSc_line_843d5660"
                    TAGREFS="LT1939"
                    BASELINE="269 1628 653 1651 1193 1662" 
                    HPOS="266.0"
                    VPOS="1554.0"
                    WIDTH="927.0"
                    HEIGHT="136.0">
            <Shape><Polygon POINTS="269 1628 266 1646 572 1655 607 1662 722 1678 1014 1687 1016 1687 1018 1687 1020 1687 1032 1680 1039 1676 1043 1680 1053 1687 1053 1690 1055 1690 1057 1690 1060 1690 1191 1685 1193 1662 1193 1588 659 1588 579 1568 269 1554 269 1628"/></Shape>
	    <String CONTENT="la semblee et fera deuant le seigneur et"
                    HPOS="266.0"
                    VPOS="1554.0"
                    WIDTH="927.0"
                    HEIGHT="136.0"
                    WC="0.979721987247467"></String>
          </TextLine>

          
          
          <TextLine ID="eSc_line_5b9fe495"
                    TAGREFS="LT1939"
                    BASELINE="266 1715 1227 1740" 
                    HPOS="264.0"
                    VPOS="1634.0"
                    WIDTH="963.0"
                    HEIGHT="138.0">
            <Shape><Polygon POINTS="266 1715 264 1731 581 1740 618 1761 620 1761 703 1763 1071 1772 1073 1772 1225 1756 1227 1740 1227 1680 266 1634 266 1715"/></Shape>
	    <String CONTENT="ses autres compaignons son report. ou"
                    HPOS="264.0"
                    VPOS="1634.0"
                    WIDTH="963.0"
                    HEIGHT="138.0"></String>
          </TextLine>

          
          
          <TextLine ID="eSc_line_d0109f88"
                    TAGREFS="LT1939"
                    BASELINE="264 1800 1216 1821" 
                    HPOS="262.0"
                    VPOS="1731.0"
                    WIDTH="954.0"
                    HEIGHT="124.0">
            <Shape><Polygon POINTS="264 1800 262 1818 795 1848 1050 1851 1053 1851 1055 1851 1078 1839 1080 1839 1158 1855 1161 1855 1163 1855 1214 1841 1216 1821 1216 1768 1126 1768 1117 1763 1083 1749 1080 1749 1078 1749 1076 1749 1073 1749 1062 1761 1057 1763 1011 1759 899 1747 896 1747 848 1752 793 1759 632 1756 607 1742 584 1733 581 1733 446 1731 443 1731 441 1731 430 1736 416 1742 264 1731 264 1800"/></Shape>
	    <String CONTENT="de ueue alueill. ou de reporter par le pie"
                    HPOS="262.0"
                    VPOS="1731.0"
                    WIDTH="954.0"
                    HEIGHT="124.0"></String>
          </TextLine>

          
          
          <TextLine ID="eSc_line_8e205735"
                    TAGREFS="LT1939"
                    BASELINE="266 1887 1204 1906" 
                    HPOS="264.0"
                    VPOS="1816.0"
                    WIDTH="940.0"
                    HEIGHT="108.0">
            <Shape><Polygon POINTS="266 1887 264 1901 735 1924 738 1924 1202 1920 1204 1906 1204 1851 1071 1846 1048 1828 1046 1828 1043 1828 1041 1828 1039 1828 1009 1844 1007 1846 860 1846 843 1839 809 1830 807 1830 804 1830 802 1830 800 1830 791 1839 784 1841 574 1837 563 1832 503 1816 501 1816 498 1816 266 1823 266 1887"/></Shape>
	    <String CONTENT="ou par les fumees quil aura en son cor"
                    HPOS="264.0"
                    VPOS="1816.0"
                    WIDTH="940.0"
                    HEIGHT="108.0"></String>
          </TextLine>

          
          
          <TextLine ID="eSc_line_c74cffa7"
                    TAGREFS="LT1939"
                    BASELINE="266 1975 1198 1991" 
                    HPOS="264.0"
                    VPOS="1897.0"
                    WIDTH="934.0"
                    HEIGHT="108.0">
            <Shape><Polygon POINTS="264 1989 1193 2005 1198 1991 1198 1926 1057 1908 1055 1908 922 1917 871 1920 834 1915 772 1903 770 1903 664 1908 540 1915 531 1903 528 1901 526 1901 526 1899 524 1899 521 1899 397 1897 395 1897 372 1899 301 1910 269 1897 266 1975 264 1989"/></Shape>
	    <String CONTENT="ou en son giron. Et chescun dira ueez ci"
                    HPOS="264.0"
                    VPOS="1897.0"
                    WIDTH="934.0"
                    HEIGHT="108.0"></String>
          </TextLine>

          
          
          <TextLine ID="eSc_line_b84befcf"
                    TAGREFS="LT1939"
                    BASELINE="269 2069 1250 2074" 
                    HPOS="266.0"
                    VPOS="1986.0"
                    WIDTH="984.0"
                    HEIGHT="106.0">
            <Shape><Polygon POINTS="269 2069 266 2092 1248 2087 1250 2074 1248 2005 818 1989 816 1989 814 1989 768 2002 763 2002 758 2002 726 1986 724 1986 722 1986 269 1998 269 2069"/></Shape>
	    <String CONTENT="grant cerf. Et sil est en bõne muete alons"
                    HPOS="266.0"
                    VPOS="1986.0"
                    WIDTH="984.0"
                    HEIGHT="106.0"></String>
          </TextLine>

          
          
          <TextLine ID="eSc_line_454e95db"
                    TAGREFS="LT1939"
                    BASELINE="269 2152 1237 2170" 
                    HPOS="266.0"
                    VPOS="2071.0"
                    WIDTH="971.0"
                    HEIGHT="124.0">
            <Shape><Polygon POINTS="384 2071 365 2071 269 2085 269 2152 266 2170 298 2182 301 2182 303 2182 384 2172 388 2172 395 2172 515 2186 1232 2195 1237 2170 1237 2097 1119 2085 1117 2085 1078 2094 1046 2101 1023 2094 986 2080 984 2080 866 2078 864 2078 820 2080 818 2080 816 2080 816 2083 807 2092 800 2097 673 2097 669 2090 659 2083 659 2080 657 2080 655 2080 653 2080 650 2080 625 2090 616 2092 434 2092 430 2087 390 2071 384 2071"/></Shape>
	    <String CONTENT="le lessier courre. les queles choses ie decla"
                    HPOS="266.0"
                    VPOS="2071.0"
                    WIDTH="971.0"
                    HEIGHT="124.0"></String>
          </TextLine>

          
          
          <TextLine ID="eSc_line_bbd67d54"
                    TAGREFS="LT1939"
                    BASELINE="275 2241 1237 2264" 
                    HPOS="273.0"
                    VPOS="2175.0"
                    WIDTH="964.0"
                    HEIGHT="115.0">
            <Shape><Polygon POINTS="275 2241 273 2260 563 2281 565 2281 613 2271 618 2271 623 2271 657 2285 659 2285 1232 2290 1237 2264 1234 2195 1175 2202 1156 2193 1142 2186 1140 2186 977 2184 974 2184 951 2189 908 2198 894 2186 889 2184 889 2182 887 2182 885 2182 777 2179 774 2179 772 2179 770 2179 770 2182 765 2184 754 2195 275 2175 275 2241"/></Shape>
	    <String CONTENT="reray ci auant que cest a dire. donc a le ue"
                    HPOS="273.0"
                    VPOS="2175.0"
                    WIDTH="964.0"
                    HEIGHT="115.0"></String>
          </TextLine>

          
          
          <TextLine ID="eSc_line_ea57beab"
                    TAGREFS="LT1939"
                    BASELINE="282 2315 751 2347 1225 2356" 
                    HPOS="280.0"
                    VPOS="2248.0"
                    WIDTH="945.0"
                    HEIGHT="141.0">
            <Shape><Polygon POINTS="282 2315 280 2336 420 2340 423 2343 441 2359 443 2359 446 2359 448 2359 577 2350 586 2350 588 2350 643 2370 646 2370 1050 2373 1060 2386 1062 2386 1062 2389 1064 2389 1066 2389 1069 2389 1223 2375 1225 2356 1225 2299 1135 2299 1126 2292 1110 2283 1108 2283 1106 2283 1103 2283 1101 2283 1078 2290 1060 2294 600 2281 556 2262 544 2258 542 2258 282 2248 282 2315"/></Shape>
	    <String CONTENT="neour grant ioye. Apres quant il com"
                    HPOS="280.0"
                    VPOS="2248.0"
                    WIDTH="945.0"
                    HEIGHT="141.0"></String>
          </TextLine>

          
          
          <TextLine ID="eSc_line_e601dcd2"
                    TAGREFS="LT1939"
                    BASELINE="282 2398 719 2430 1239 2435" 
                    HPOS="280.0"
                    VPOS="2331.0"
                    WIDTH="959.0"
                    HEIGHT="138.0">
            <Shape><Polygon POINTS="719 2347 705 2345 664 2350 643 2352 632 2350 600 2336 581 2336 558 2336 551 2333 282 2331 282 2398 280 2421 788 2460 791 2460 903 2453 917 2465 919 2465 922 2465 1138 2469 1140 2469 1142 2469 1170 2453 1186 2467 1188 2467 1191 2467 1193 2467 1195 2467 1237 2455 1239 2435 1239 2379 1200 2363 1198 2363 1195 2363 1094 2373 1076 2375 1073 2373 1057 2359 1057 2356 1055 2356 1053 2356 1050 2356 963 2366 924 2370 765 2366 747 2354 728 2347 719 2347"/></Shape>
	    <String CONTENT="mence sa suyte et il na gueres suy il orra"
                    HPOS="280.0"
                    VPOS="2331.0"
                    WIDTH="959.0"
                    HEIGHT="138.0"></String>
          </TextLine>

          
          
          <TextLine ID="eSc_line_6d48884f"
                    TAGREFS="LT1939"
                    BASELINE="282 2490 804 2520 1237 2524" 
                    HPOS="280.0"
                    VPOS="2419.0"
                    WIDTH="957.0"
                    HEIGHT="140.0">
            <Shape><Polygon POINTS="282 2490 280 2508 997 2554 1000 2554 1163 2547 1195 2559 1198 2559 1200 2559 1202 2559 1234 2543 1237 2524 1234 2469 1117 2448 1115 2448 1112 2448 1085 2462 1037 2446 1034 2446 1032 2446 945 2458 940 2458 938 2458 908 2442 905 2442 903 2442 901 2442 899 2442 878 2455 876 2455 701 2451 701 2448 669 2435 666 2435 664 2435 584 2444 558 2428 556 2428 554 2428 338 2419 335 2419 333 2419 282 2432 282 2490"/></Shape>
	    <String CONTENT="ou uerra lancer deuant luy ⁊ saura bien"
                    HPOS="280.0"
                    VPOS="2419.0"
                    WIDTH="957.0"
                    HEIGHT="140.0"></String>
          </TextLine>

          
          
          <TextLine ID="eSc_line_47edd583"
                    TAGREFS="LT1939"
                    BASELINE="282 2589 712 2612 1257 2619" 
                    HPOS="280.0"
                    VPOS="2510.0"
                    WIDTH="977.0"
                    HEIGHT="138.0">
            <Shape><Polygon POINTS="282 2589 280 2614 1099 2648 1101 2648 1255 2637 1257 2619 1257 2552 1175 2533 577 2533 563 2533 561 2531 480 2513 478 2513 367 2522 310 2510 308 2510 305 2510 282 2520 282 2589"/></Shape>
	    <String CONTENT="que cest son droit. et les chiens uendront"
                    HPOS="280.0"
                    VPOS="2510.0"
                    WIDTH="977.0"
                    HEIGHT="138.0"
                    WC="0.981386807702836"></String>
          </TextLine>

          
          
          <TextLine ID="eSc_line_30465ac1"
                    TAGREFS="LT1939"
                    BASELINE="285 2681 1267 2717" 
                    HPOS="282.0"
                    VPOS="2605.0"
                    WIDTH="985.0"
                    HEIGHT="135.0">
            <Shape><Polygon POINTS="285 2681 282 2697 958 2740 961 2740 1264 2734 1267 2717 1267 2653 1195 2630 1193 2630 1191 2630 1083 2646 1071 2646 1048 2644 968 2630 965 2630 887 2635 846 2637 830 2632 791 2619 788 2619 694 2614 692 2614 689 2614 662 2623 641 2630 563 2628 544 2616 521 2605 519 2605 285 2605 285 2681"/></Shape>
	    <String CONTENT="au lit et seront ilec descouples touz sanz"
                    HPOS="282.0"
                    VPOS="2605.0"
                    WIDTH="985.0"
                    HEIGHT="135.0"></String>
          </TextLine>

          
          
          <TextLine ID="eSc_line_d0178bdf"
                    TAGREFS="LT1939"
                    BASELINE="287 2770 687 2798 1248 2814" 
                    HPOS="285.0"
                    VPOS="2697.0"
                    WIDTH="963.0"
                    HEIGHT="138.0">
            <Shape><Polygon POINTS="287 2770 285 2793 974 2835 977 2835 1246 2830 1248 2814 1248 2752 1198 2734 1195 2734 1193 2734 935 2740 926 2740 915 2724 912 2724 912 2722 910 2722 908 2722 905 2722 818 2736 816 2736 814 2736 650 2713 648 2713 646 2713 597 2727 324 2697 321 2697 319 2697 287 2711 287 2770"/></Shape>
	    <String CONTENT="ce que nul en aille acouple. et toute la"
                    HPOS="285.0"
                    VPOS="2697.0"
                    WIDTH="963.0"
                    HEIGHT="138.0"></String>
          </TextLine>

          
          
          <TextLine ID="eSc_line_f80319f3"
                    TAGREFS="LT1939"
                    BASELINE="289 2858 682 2890 1246 2904" 
                    HPOS="287.0"
                    VPOS="2791.0"
                    WIDTH="959.0"
                    HEIGHT="136.0">
            <Shape><Polygon POINTS="289 2858 287 2876 478 2885 551 2908 554 2908 894 2922 896 2922 899 2922 901 2922 901 2920 915 2908 977 2927 979 2927 981 2927 1244 2917 1246 2904 1246 2823 1089 2837 1037 2816 1034 2816 1032 2816 1030 2816 979 2835 855 2828 830 2807 827 2805 825 2805 823 2805 820 2805 818 2805 811 2807 768 2826 533 2816 515 2798 508 2793 508 2791 505 2791 503 2791 501 2791 473 2796 441 2803 289 2791 289 2858"/></Shape>
	    <String CONTENT="muete la quiendra b̃n. lors a le ueneo᷑r"
                    HPOS="287.0"
                    VPOS="2791.0"
                    WIDTH="959.0"
                    HEIGHT="136.0"></String>
          </TextLine>

          
          
          <TextLine ID="eSc_line_5e1e6662"
                    TAGREFS="LT1939"
                    BASELINE="294 2950 682 2977 1234 2984" 
                    HPOS="292.0"
                    VPOS="2885.0"
                    WIDTH="942.0"
                    HEIGHT="136.0">
            <Shape><Polygon POINTS="294 2950 292 2975 951 3016 954 3016 956 3016 995 2998 997 2998 1002 2998 1087 3021 1089 3021 1092 3021 1232 3005 1234 2984 1232 2911 1023 2913 926 2901 903 2899 901 2899 899 2899 894 2901 862 2911 846 2899 843 2899 841 2899 839 2899 837 2899 804 2911 294 2885 294 2950"/></Shape>
	    <String CONTENT="grant ioye et grant plaisir. Apres il"
                    HPOS="292.0"
                    VPOS="2885.0"
                    WIDTH="942.0"
                    HEIGHT="136.0"></String>
          </TextLine>

          
          
          <TextLine ID="eSc_line_c228bd8f"
                    TAGREFS="LT1939"
                    BASELINE="296 3030 627 3062 1255 3069" 
                    HPOS="294.0"
                    VPOS="2970.0"
                    WIDTH="961.0"
                    HEIGHT="136.0">
            <Shape><Polygon POINTS="296 3030 294 3058 469 3062 469 3065 558 3092 561 3092 563 3092 627 3078 636 3090 639 3090 639 3092 641 3092 643 3092 646 3092 648 3092 696 3081 728 3097 731 3097 947 3104 1092 3106 1094 3106 1096 3106 1129 3092 1211 3101 1214 3101 1216 3101 1253 3085 1255 3069 1255 3012 1172 2989 1170 2989 1168 2989 1066 3005 1053 3007 1048 3005 1025 2986 1023 2986 1020 2986 1018 2986 866 2996 797 3000 696 2998 689 2989 685 2986 685 2984 682 2984 680 2984 678 2984 676 2984 673 2984 671 2989 659 2996 584 2996 570 2984 554 2970 551 2970 549 2970 547 2970 296 2970 296 3030"/></Shape>
	    <String CONTENT="monte a cheual agrant haste poura"
                    HPOS="294.0"
                    VPOS="2970.0"
                    WIDTH="961.0"
                    HEIGHT="136.0"></String>
          </TextLine>

          
          
          <TextLine ID="eSc_line_112341ab"
                    TAGREFS="LT1939"
                    BASELINE="292 3122 728 3154 1273 3161" 
                    HPOS="289.0"
                    VPOS="3051.0"
                    WIDTH="984.0"
                    HEIGHT="147.0">
            <Shape><Polygon POINTS="701 3065 699 3065 696 3065 648 3074 636 3065 623 3062 542 3078 531 3078 512 3076 324 3051 321 3051 319 3051 317 3051 292 3065 292 3122 289 3147 386 3150 386 3152 407 3173 407 3175 409 3175 411 3175 413 3175 613 3166 770 3189 772 3189 774 3189 814 3175 1020 3198 1023 3198 1271 3182 1273 3161 1273 3095 894 3095 866 3085 823 3072 820 3072 818 3072 745 3081 719 3085 717 3081 705 3067 703 3067 703 3065 701 3065"/></Shape>
	    <String CONTENT="compaignier ses chiens. et pour ce que"
                    HPOS="289.0"
                    VPOS="3051.0"
                    WIDTH="984.0"
                    HEIGHT="147.0"></String>
          </TextLine>

          
          
          <TextLine ID="eSc_line_9ed1ba8e"
                    TAGREFS="LT1939"
                    BASELINE="292 3216 735 3246 1267 3251" 
                    HPOS="289.0"
                    VPOS="3159.0"
                    WIDTH="978.0"
                    HEIGHT="165.0">
            <Shape><Polygon POINTS="292 3216 289 3269 411 3267 418 3276 427 3283 427 3285 430 3285 432 3285 434 3285 436 3285 466 3276 489 3269 505 3276 561 3306 563 3306 634 3311 717 3313 719 3313 722 3313 724 3313 751 3292 855 3311 857 3311 974 3299 1018 3322 1020 3322 1023 3324 1122 3324 1122 3322 1124 3322 1184 3297 1202 3306 1204 3306 1207 3306 1264 3292 1267 3251 1267 3189 292 3159 292 3216"/></Shape>
	    <String CONTENT="par auenture les chiens aront un pou"
                    HPOS="289.0"
                    VPOS="3159.0"
                    WIDTH="978.0"
                    HEIGHT="165.0"></String>
          </TextLine>

          
        </TextBlock>
        
        <TextBlock HPOS="1324.0"
                   VPOS="349.0"
                   WIDTH="1055.0"
                   HEIGHT="2987.0"
                   ID="eSc_textblock_97f36412"
                   TAGREFS="BT5648">
          <Shape><Polygon POINTS="2278 349 2370 404 2379 3235 2333 3318 1370 3336 1324 413 1352 358 2092 349"/></Shape>
          
          
          <TextLine ID="eSc_line_6565fb87"
                    TAGREFS="LT1939"
                    BASELINE="1342 457 2340 443" 
                    HPOS="1340.0"
                    VPOS="342.0"
                    WIDTH="1000.0"
                    HEIGHT="150.0">
            <Shape><Polygon POINTS="1342 457 1342 480 1506 492 1508 492 1510 492 1545 480 1671 489 1674 489 1945 473 1956 473 1959 473 2002 485 2005 485 2007 485 2340 466 2340 443 2333 370 2193 370 2189 367 2168 354 2166 354 2163 354 2161 354 2097 367 2069 372 2014 367 1998 365 1977 344 1977 342 1975 342 1972 342 1926 342 1924 342 1922 342 1920 342 1883 365 1878 367 1864 365 1837 361 1834 361 1832 361 1830 361 1830 363 1828 363 1828 365 1818 377 1795 365 1786 361 1784 361 1782 361 1779 361 1777 361 1772 365 1759 374 1740 365 1706 347 1703 347 1701 347 1699 347 1671 358 1506 347 1503 347 1501 347 1499 347 1499 349 1496 349 1490 358 1441 349 1439 349 1340 361 1342 457"/></Shape>
	    <String CONTENT="aloygine le pais ou il aura lessie cour"
                    HPOS="1340.0"
                    VPOS="342.0"
                    WIDTH="1000.0"
                    HEIGHT="150.0"
                    WC="0.966681605730301"></String>
          </TextLine>

          
          
          <TextLine ID="eSc_line_ca8f28ec"
                    TAGREFS="LT1939"
                    BASELINE="1345 554 2320 547" 
                    HPOS="1342.0"
                    VPOS="478.0"
                    WIDTH="978.0"
                    HEIGHT="108.0">
            <Shape><Polygon POINTS="1345 554 1345 574 1646 586 1648 586 2320 570 2320 547 2313 478 1342 489 1345 554"/></Shape>
	    <String CONTENT="re. il pnͣt aucun auantaige pour uenir"
                    HPOS="1342.0"
                    VPOS="478.0"
                    WIDTH="978.0"
                    HEIGHT="108.0"></String>
          </TextLine>

          
          
          <TextLine ID="eSc_line_563a9865"
                    TAGREFS="LT1939"
                    BASELINE="1345 641 2287 636" 
                    HPOS="1342.0"
                    VPOS="563.0"
                    WIDTH="945.0"
                    HEIGHT="101.0">
            <Shape><Polygon POINTS="1345 641 1345 657 2283 664 2287 636 2283 579 2156 579 2120 563 2117 563 2115 563 2113 563 2110 563 2094 579 2032 579 2012 563 2009 563 2007 563 2005 563 2002 563 1959 577 1892 563 1890 563 1811 579 1795 565 1793 565 1791 565 1788 565 1786 565 1742 579 1720 565 1717 565 1715 565 1618 565 1616 565 1614 565 1584 581 1480 581 1437 565 1434 565 1432 565 1430 565 1427 565 1427 567 1414 581 1342 581 1345 641"/></Shape>
	    <String CONTENT="au deuant de ses chiens.⁊ lors il uerra"
                    HPOS="1342.0"
                    VPOS="563.0"
                    WIDTH="945.0"
                    HEIGHT="101.0"></String>
          </TextLine>

          
          
          <TextLine ID="eSc_line_9fb56479"
                    TAGREFS="LT1939"
                    BASELINE="1349 719 2292 712" 
                    HPOS="1347.0"
                    VPOS="643.0"
                    WIDTH="945.0"
                    HEIGHT="108.0">
            <Shape><Polygon POINTS="1349 719 1349 751 1483 738 1556 751 1561 751 1563 751 1568 751 1662 735 1821 747 1823 747 1825 747 1828 747 1841 735 1922 745 1924 745 1991 733 2009 747 2012 747 2014 747 2016 749 2290 749 2292 712 2287 655 1834 643 1832 643 1830 643 1828 643 1809 655 1752 643 1749 643 1747 643 1703 655 1662 643 1660 643 1657 643 1347 659 1349 719"/></Shape>
	    <String CONTENT="passer le cerf deuaut luy ⁊ le for huera"
                    HPOS="1347.0"
                    VPOS="643.0"
                    WIDTH="945.0"
                    HEIGHT="108.0"></String>
          </TextLine>

          
          
          <TextLine ID="eSc_line_dd28e6b5"
                    TAGREFS="LT1939"
                    BASELINE="1345 800 2294 804" 
                    HPOS="1342.0"
                    VPOS="742.0"
                    WIDTH="952.0"
                    HEIGHT="90.0">
            <Shape><Polygon POINTS="1345 800 1342 818 2290 832 2294 804 2292 747 1345 742 1345 800"/></Shape>
	    <String CONTENT="et uerra quieulx chiens uienent en la"
                    HPOS="1342.0"
                    VPOS="742.0"
                    WIDTH="952.0"
                    HEIGHT="90.0"></String>
          </TextLine>

          
          
          <TextLine ID="eSc_line_4b44a6fd"
                    TAGREFS="LT1939"
                    BASELINE="1345 889 2324 882" 
                    HPOS="1342.0"
                    VPOS="809.0"
                    WIDTH="982.0"
                    HEIGHT="108.0">
            <Shape><Polygon POINTS="1345 889 1347 917 1398 905 2320 905 2324 882 2317 820 1984 820 1970 809 1968 809 1966 809 1963 809 1961 809 1938 820 1890 809 1887 809 1885 809 1749 820 1669 809 1667 809 1586 823 1561 811 1559 811 1352 811 1349 811 1347 811 1345 811 1345 814 1342 814 1345 889"/></Shape>
	    <String CONTENT="p̾miere bataille ne en la seconde ne en la"
                    HPOS="1342.0"
                    VPOS="809.0"
                    WIDTH="982.0"
                    HEIGHT="108.0"
                    WC="0.99416540208317"></String>
          </TextLine>

          
          
          <TextLine ID="eSc_line_ac91693a"
                    TAGREFS="LT1939"
                    BASELINE="1345 968 2347 963" 
                    HPOS="1342.0"
                    VPOS="892.0"
                    WIDTH="1005.0"
                    HEIGHT="103.0">
            <Shape><Polygon POINTS="1345 968 1345 995 2345 986 2347 963 2343 905 1995 892 1993 892 1991 892 1963 905 1342 905 1345 968"/></Shape>
	    <String CONTENT="tierce ou quarte selon ce quilz uendront."
                    HPOS="1342.0"
                    VPOS="892.0"
                    WIDTH="1005.0"
                    HEIGHT="103.0"></String>
          </TextLine>

          
          
          <TextLine ID="eSc_line_fadf2524"
                    TAGREFS="LT1939"
                    BASELINE="1345 1060 2327 1060" 
                    HPOS="1345.0"
                    VPOS="981.0"
                    WIDTH="982.0"
                    HEIGHT="113.0">
            <Shape><Polygon POINTS="1345 1060 1345 1080 1407 1094 1409 1094 1494 1083 1616 1094 1618 1094 1678 1083 1754 1094 1756 1094 1968 1083 2012 1094 2014 1094 2016 1094 2018 1094 2067 1083 2308 1094 2310 1094 2313 1094 2315 1094 2327 1083 2327 1060 2327 997 2262 981 2260 981 2154 981 2152 981 2150 981 2147 981 2122 997 2007 981 2005 981 2002 981 1961 997 1917 981 1915 981 1913 981 1910 981 1908 981 1908 984 1890 1000 1632 1000 1526 981 1524 981 1522 981 1490 997 1363 981 1361 981 1358 981 1356 981 1356 984 1345 995 1345 1060"/></Shape>
	    <String CONTENT="Et puys quant touz ses chiens seront"
                    HPOS="1345.0"
                    VPOS="981.0"
                    WIDTH="982.0"
                    HEIGHT="113.0"
                    WC="0.981767369641198"></String>
          </TextLine>

          
          
          <TextLine ID="eSc_line_869621c3"
                    TAGREFS="LT1939"
                    BASELINE="1347 1152 2347 1147" 
                    HPOS="1345.0"
                    VPOS="1071.0"
                    WIDTH="1002.0"
                    HEIGHT="108.0">
            <Shape><Polygon POINTS="1347 1152 1347 1168 1841 1179 1844 1179 1933 1168 2304 1177 2306 1177 2308 1177 2347 1163 2347 1147 2343 1087 2051 1071 2048 1071 2046 1071 2044 1071 2023 1087 1961 1087 1938 1071 1936 1071 1933 1071 1860 1071 1857 1071 1855 1071 1853 1071 1853 1073 1837 1087 1363 1073 1361 1073 1358 1073 1356 1073 1356 1076 1345 1085 1347 1152"/></Shape>
	    <String CONTENT="deuant. il se metra a cheuauchier menee"
                    HPOS="1345.0"
                    VPOS="1071.0"
                    WIDTH="1002.0"
                    HEIGHT="108.0"
                    WC="0.980693149260985"></String>
          </TextLine>

          
          
          <TextLine ID="eSc_line_8367bf64"
                    TAGREFS="LT1939"
                    BASELINE="1354 1239 2317 1234" 
                    HPOS="1352.0"
                    VPOS="1156.0"
                    WIDTH="965.0"
                    HEIGHT="101.0">
            <Shape><Polygon POINTS="1354 1239 1354 1257 2315 1253 2317 1234 2313 1165 1492 1156 1490 1156 1487 1156 1485 1156 1464 1172 1352 1172 1354 1239"/></Shape>
	    <String CONTENT="apres ses chiens. et huera et cornera de"
                    HPOS="1352.0"
                    VPOS="1156.0"
                    WIDTH="965.0"
                    HEIGHT="101.0"
                    WC="0.963854856789112"></String>
          </TextLine>

          
          
          <TextLine ID="eSc_line_8a2d0d3d"
                    TAGREFS="LT1939"
                    BASELINE="1354 1329 2345 1317" 
                    HPOS="1352.0"
                    VPOS="1241.0"
                    WIDTH="993.0"
                    HEIGHT="117.0">
            <Shape><Polygon POINTS="1354 1329 1354 1345 1547 1358 1549 1358 1552 1358 1609 1345 2127 1352 2129 1352 2345 1333 2345 1317 2343 1253 2310 1241 2308 1241 2306 1241 2304 1241 2262 1253 2253 1255 2235 1255 2147 1246 2145 1246 2143 1246 2140 1246 2140 1248 2138 1248 2133 1255 2131 1260 2005 1260 2002 1257 1952 1243 1949 1243 1947 1243 1848 1260 1800 1246 1798 1246 1795 1246 1793 1246 1791 1246 1791 1248 1777 1262 1733 1262 1722 1262 1717 1262 1549 1248 1547 1248 1370 1255 1368 1255 1365 1255 1352 1262 1354 1329"/></Shape>
	    <String CONTENT="la plus grant et forte alaine quil pour"
                    HPOS="1352.0"
                    VPOS="1241.0"
                    WIDTH="993.0"
                    HEIGHT="117.0"></String>
          </TextLine>

          
          
          <TextLine ID="eSc_line_0a033610"
                    TAGREFS="LT1939"
                    BASELINE="1356 1416 2324 1409" 
                    HPOS="1354.0"
                    VPOS="1329.0"
                    WIDTH="970.0"
                    HEIGHT="112.0">
            <Shape><Polygon POINTS="1356 1416 1356 1430 1618 1430 1623 1430 1660 1441 1662 1441 1664 1441 1667 1441 1699 1430 1708 1427 1740 1430 1837 1439 1839 1439 2322 1427 2324 1409 2320 1347 2239 1329 2237 1329 2235 1329 2232 1329 2232 1331 2216 1345 2186 1333 2184 1333 2182 1333 2179 1333 2150 1347 2087 1347 2069 1331 2067 1331 2064 1331 2062 1331 2060 1331 2058 1331 2032 1347 2025 1347 1890 1347 1887 1347 1874 1333 1874 1331 1871 1331 1869 1331 1676 1331 1674 1331 1579 1347 1552 1349 1354 1347 1356 1416"/></Shape>
	    <String CONTENT="ra. lors a il grant ioye et grant plaisir."
                    HPOS="1354.0"
                    VPOS="1329.0"
                    WIDTH="970.0"
                    HEIGHT="112.0"></String>
          </TextLine>

          
          
          <TextLine ID="eSc_line_3dee3895"
                    TAGREFS="LT1939"
                    BASELINE="1356 1506 2331 1490" 
                    HPOS="1354.0"
                    VPOS="1418.0"
                    WIDTH="977.0"
                    HEIGHT="115.0">
            <Shape><Polygon POINTS="1356 1506 1356 1533 1841 1517 1894 1526 1908 1529 1910 1529 1913 1529 1922 1526 1966 1515 2007 1524 2014 1526 2016 1526 2018 1526 2032 1524 2092 1515 2329 1519 2331 1490 2327 1427 1772 1418 1770 1418 1354 1441 1356 1506"/></Shape>
	    <String CONTENT="Et ie uous promet quil ne pense lors a"
                    HPOS="1354.0"
                    VPOS="1418.0"
                    WIDTH="977.0"
                    HEIGHT="115.0"></String>
          </TextLine>

          
          
          <TextLine ID="eSc_line_20a6a7da"
                    TAGREFS="LT1939"
                    BASELINE="1358 1588 2331 1577" 
                    HPOS="1356.0"
                    VPOS="1503.0"
                    WIDTH="975.0"
                    HEIGHT="102.0">
            <Shape><Polygon POINTS="1358 1588 1358 1605 2329 1595 2331 1577 2327 1513 1956 1503 1954 1503 1864 1515 1851 1503 1848 1503 1846 1503 1745 1503 1742 1503 1664 1517 1662 1517 1660 1517 1556 1506 1554 1506 1356 1519 1358 1588"/></Shape>
	    <String CONTENT="nul autre pechie ne mal. Apres quant"
                    HPOS="1356.0"
                    VPOS="1503.0"
                    WIDTH="975.0"
                    HEIGHT="102.0"
                    WC="0.970321810907788"></String>
          </TextLine>

          
          
          <TextLine ID="eSc_line_faf5282d"
                    TAGREFS="LT1939"
                    BASELINE="1361 1667 2324 1660" 
                    HPOS="1358.0"
                    VPOS="1591.0"
                    WIDTH="966.0"
                    HEIGHT="96.0">
            <Shape><Polygon POINTS="1361 1667 1361 1685 2320 1687 2324 1660 2320 1595 1358 1591 1361 1667"/></Shape>
	    <String CONTENT="le cerf sera desconfit ⁊ aux abais lors a"
                    HPOS="1358.0"
                    VPOS="1591.0"
                    WIDTH="966.0"
                    HEIGHT="96.0"
                    WC="0.991469384693518"></String>
          </TextLine>

          
          
          <TextLine ID="eSc_line_892a6600"
                    TAGREFS="LT1939"
                    BASELINE="1363 1747 2313 1742" 
                    HPOS="1361.0"
                    VPOS="1669.0"
                    WIDTH="952.0"
                    HEIGHT="96.0">
            <Shape><Polygon POINTS="1363 1747 1363 1765 2310 1761 2313 1742 2308 1680 1837 1669 1834 1669 1832 1669 1809 1680 1400 1671 1398 1671 1395 1671 1361 1683 1363 1747"/></Shape>
	    <String CONTENT="il grant plaisance. Apres quant il est"
                    HPOS="1361.0"
                    VPOS="1669.0"
                    WIDTH="952.0"
                    HEIGHT="96.0"></String>
          </TextLine>

          
          
          <TextLine ID="eSc_line_44521a50"
                    TAGREFS="LT1939"
                    BASELINE="1363 1830 2340 1823" 
                    HPOS="1361.0"
                    VPOS="1747.0"
                    WIDTH="979.0"
                    HEIGHT="115.0">
            <Shape><Polygon POINTS="1685 1747 1683 1747 1648 1761 1646 1761 1499 1749 1496 1749 1361 1763 1363 1830 1363 1853 1653 1851 1655 1851 1683 1862 1685 1862 1687 1862 1690 1862 1722 1851 1724 1848 1729 1848 1749 1860 1752 1860 1754 1860 1885 1848 1887 1848 1890 1848 1947 1860 1949 1860 2154 1846 2170 1857 2172 1857 2175 1857 2177 1860 2306 1860 2306 1857 2308 1857 2340 1841 2340 1823 2336 1756 1687 1747 1685 1747"/></Shape>
	    <String CONTENT="pris il lescorche et le deffet et fet la cuiree"
                    HPOS="1361.0"
                    VPOS="1747.0"
                    WIDTH="979.0"
                    HEIGHT="115.0"></String>
          </TextLine>

          
          
          <TextLine ID="eSc_line_b39486f6"
                    TAGREFS="LT1939"
                    BASELINE="1368 1913 2322 1913" 
                    HPOS="1368.0"
                    VPOS="1848.0"
                    WIDTH="954.0"
                    HEIGHT="99.0">
            <Shape><Polygon POINTS="1368 1913 1370 1945 1411 1933 1572 1933 1591 1945 1595 1947 1598 1947 1600 1947 1602 1947 1605 1947 1618 1945 1660 1933 1676 1943 1680 1947 1683 1947 1685 1947 1687 1947 1708 1943 1749 1933 1761 1943 1765 1947 1768 1947 1770 1947 1772 1947 1775 1947 1786 1943 1807 1936 1885 1943 1949 1947 1952 1947 2322 1938 2322 1913 2320 1848 1368 1848 1368 1913"/></Shape>
	    <String CONTENT="aussi a il grant playsir. Et quant il"
                    HPOS="1368.0"
                    VPOS="1848.0"
                    WIDTH="954.0"
                    HEIGHT="99.0"
                    WC="0.987423136427596"></String>
          </TextLine>

          
          
          <TextLine ID="eSc_line_cf3906ce"
                    TAGREFS="LT1939"
                    BASELINE="1363 1993 2331 2002" 
                    HPOS="1361.0"
                    VPOS="1933.0"
                    WIDTH="970.0"
                    HEIGHT="85.0">
            <Shape><Polygon POINTS="1363 1993 1361 2009 2327 2018 2331 2002 2331 1938 1363 1933 1363 1993"/></Shape>
	    <String CONTENT="sen reuient a lostel il sen reuient ioyeu"
                    HPOS="1361.0"
                    VPOS="1933.0"
                    WIDTH="970.0"
                    HEIGHT="85.0"></String>
          </TextLine>

          
          
          <TextLine ID="eSc_line_8955c1d5"
                    TAGREFS="LT1939"
                    BASELINE="1358 2085 2361 2076" 
                    HPOS="1356.0"
                    VPOS="2005.0"
                    WIDTH="1005.0"
                    HEIGHT="115.0">
            <Shape><Polygon POINTS="1358 2085 1358 2106 1570 2106 1602 2120 1605 2120 1607 2120 1609 2120 1611 2120 1634 2103 1639 2103 1722 2103 1731 2103 1855 2117 1857 2117 2062 2115 2064 2115 2099 2101 2129 2113 2131 2113 2133 2115 2320 2115 2320 2113 2322 2113 2361 2097 2361 2076 2354 2014 1903 2018 1885 2005 1883 2005 1880 2005 1878 2005 1876 2005 1874 2005 1853 2021 1851 2021 1844 2021 1710 2007 1708 2007 1706 2007 1703 2007 1678 2023 1586 2023 1377 2009 1375 2009 1372 2009 1370 2009 1356 2018 1358 2085"/></Shape>
	    <String CONTENT="sement. quar son seigneur li aura dõne"
                    HPOS="1356.0"
                    VPOS="2005.0"
                    WIDTH="1005.0"
                    HEIGHT="115.0"></String>
          </TextLine>

          
          
          <TextLine ID="eSc_line_f5237d2a"
                    TAGREFS="LT1939"
                    BASELINE="1365 2179 2324 2175" 
                    HPOS="1363.0"
                    VPOS="2090.0"
                    WIDTH="961.0"
                    HEIGHT="112.0">
            <Shape><Polygon POINTS="1365 2179 1365 2202 2322 2202 2324 2175 2317 2097 2136 2101 2124 2099 2097 2090 2094 2090 2092 2090 2090 2090 2087 2090 2087 2092 2078 2099 2071 2108 1878 2108 1871 2101 1853 2090 1851 2090 1848 2090 1846 2090 1729 2103 1697 2108 1692 2106 1678 2094 1678 2092 1676 2092 1674 2092 1671 2092 1669 2092 1637 2106 1630 2110 1559 2110 1556 2106 1540 2094 1540 2092 1538 2092 1536 2092 1409 2092 1407 2092 1404 2092 1363 2108 1365 2179"/></Shape>
	    <String CONTENT="de son bon uin aboyre a la cuyree. Et"
                    HPOS="1363.0"
                    VPOS="2090.0"
                    WIDTH="961.0"
                    HEIGHT="112.0"></String>
          </TextLine>

          
          
          <TextLine ID="eSc_line_c586cf8a"
                    TAGREFS="LT1939"
                    BASELINE="1370 2271 2347 2267" 
                    HPOS="1368.0"
                    VPOS="2189.0"
                    WIDTH="979.0"
                    HEIGHT="105.0">
            <Shape><Polygon POINTS="1370 2271 1370 2294 2345 2294 2347 2267 2340 2189 1368 2200 1370 2271"/></Shape>
	    <String CONTENT="quant il est a lostel il se despoullera ⁊ des"
                    HPOS="1368.0"
                    VPOS="2189.0"
                    WIDTH="979.0"
                    HEIGHT="105.0"
                    WC="0.964919514126248"></String>
          </TextLine>

          
          
          <TextLine ID="eSc_line_dfab7030"
                    TAGREFS="LT1939"
                    BASELINE="1368 2361 2354 2352" 
                    HPOS="1365.0"
                    VPOS="2276.0"
                    WIDTH="989.0"
                    HEIGHT="101.0">
            <Shape><Polygon POINTS="1368 2361 1368 2377 2352 2370 2354 2352 2350 2285 1641 2276 1639 2276 1416 2278 1414 2278 1365 2292 1368 2361"/></Shape>
	    <String CONTENT="chausera et lauera ses cuisses ⁊ ses iam"
                    HPOS="1365.0"
                    VPOS="2276.0"
                    WIDTH="989.0"
                    HEIGHT="101.0"></String>
          </TextLine>

          
          
          <TextLine ID="eSc_line_9612ceb9"
                    TAGREFS="LT1939"
                    BASELINE="1372 2444 2338 2435" 
                    HPOS="1370.0"
                    VPOS="2368.0"
                    WIDTH="968.0"
                    HEIGHT="92.0">
            <Shape><Polygon POINTS="1372 2444 1372 2460 2336 2451 2338 2435 2331 2368 1370 2375 1372 2444"/></Shape>
	    <String CONTENT="bes et par auenture tout le corps. ⁊ en"
                    HPOS="1370.0"
                    VPOS="2368.0"
                    WIDTH="968.0"
                    HEIGHT="92.0"
                    WC="0.988886377750299"></String>
          </TextLine>

          
          
          <TextLine ID="eSc_line_fa63b722"
                    TAGREFS="LT1939"
                    BASELINE="1372 2527 2216 2524 2374 2515" 
                    HPOS="1366.0"
                    VPOS="2445.0"
                    WIDTH="1007.0"
                    HEIGHT="107.0">
            <Shape><Polygon POINTS="1369 2524 1369 2545 2370 2552 2373 2514 2367 2445 1366 2445 1369 2524"/></Shape>
	    <String CONTENT="tre deux fera b̃n apairiller⁜ du larde du"
                    HPOS="1366.0"
                    VPOS="2445.0"
                    WIDTH="1007.0"
                    HEIGHT="107.0"></String>
          </TextLine>

          
          
          <TextLine ID="eSc_line_3e956db7"
                    TAGREFS="LT1939"
                    BASELINE="1372 2621 2338 2612" 
                    HPOS="1370.0"
                    VPOS="2529.0"
                    WIDTH="968.0"
                    HEIGHT="122.0">
            <Shape><Polygon POINTS="1372 2621 1372 2637 1706 2637 1713 2637 1832 2651 1834 2651 1943 2637 2076 2648 2078 2648 2338 2632 2338 2612 2333 2547 2216 2529 2214 2529 2090 2547 1890 2531 1887 2531 1885 2531 1848 2550 1715 2536 1713 2536 1710 2536 1708 2536 1708 2538 1694 2552 1570 2552 1547 2536 1545 2536 1542 2536 1446 2536 1444 2536 1441 2536 1370 2554 1372 2621"/></Shape>
	    <String CONTENT="cerf et dautres bõnes uiandes ⁊ de bon"
                    HPOS="1370.0"
                    VPOS="2529.0"
                    WIDTH="968.0"
                    HEIGHT="122.0"></String>
          </TextLine>

          
          
          <TextLine ID="eSc_line_52d1c663"
                    TAGREFS="LT1939"
                    BASELINE="1377 2717 2336 2708" 
                    HPOS="1375.0"
                    VPOS="2628.0"
                    WIDTH="961.0"
                    HEIGHT="117.0">
            <Shape><Polygon POINTS="1377 2717 1377 2731 1552 2731 1554 2731 1609 2745 1611 2745 1614 2745 1736 2729 1742 2729 1749 2729 1851 2743 1853 2743 1920 2727 1926 2727 1940 2727 2092 2740 2094 2740 2333 2722 2336 2708 2333 2644 2301 2628 2299 2628 2297 2628 2131 2642 2097 2628 2094 2628 2092 2628 2090 2628 2058 2644 1940 2630 1938 2630 1936 2630 1933 2630 1915 2646 1816 2646 1798 2635 1795 2635 1793 2635 1791 2635 1595 2646 1533 2635 1531 2635 1375 2651 1377 2717"/></Shape>
	    <String CONTENT="uin. Et quant il ara b̃n mẽgie et b̃n"
                    HPOS="1375.0"
                    VPOS="2628.0"
                    WIDTH="961.0"
                    HEIGHT="117.0"></String>
          </TextLine>

          
          
          <TextLine ID="eSc_line_e94252a2"
                    TAGREFS="LT1939"
                    BASELINE="1375 2805 2347 2791" 
                    HPOS="1372.0"
                    VPOS="2711.0"
                    WIDTH="975.0"
                    HEIGHT="112.0">
            <Shape><Polygon POINTS="2251 2711 2248 2711 2246 2711 2228 2724 2083 2724 2053 2713 2051 2713 2048 2713 1372 2734 1375 2805 1375 2823 2345 2819 2347 2791 2343 2724 2253 2711 2251 2711"/></Shape>
	    <String CONTENT="beu. il sera b̃n lie ⁊ bien a aise. Apres il"
                    HPOS="1372.0"
                    VPOS="2711.0"
                    WIDTH="975.0"
                    HEIGHT="112.0"></String>
          </TextLine>

          
          
          <TextLine ID="eSc_line_645a2396"
                    TAGREFS="LT1939"
                    BASELINE="1377 2897 2324 2883" 
                    HPOS="1375.0"
                    VPOS="2805.0"
                    WIDTH="949.0"
                    HEIGHT="117.0">
            <Shape><Polygon POINTS="1377 2897 1377 2913 1846 2922 1848 2922 1936 2911 1993 2920 1995 2920 1998 2920 2000 2920 2014 2908 2260 2915 2262 2915 2264 2915 2324 2899 2324 2883 2320 2821 2241 2821 2239 2819 2218 2805 2216 2805 2214 2805 2212 2805 2209 2805 2168 2819 2159 2821 2097 2819 1901 2807 1899 2807 1897 2807 1871 2816 1844 2828 1811 2828 1800 2816 1791 2809 1791 2807 1788 2807 1786 2807 1784 2807 1375 2812 1377 2897"/></Shape>
	    <String CONTENT="il ira querre lair et le serui du uespre"
                    HPOS="1375.0"
                    VPOS="2805.0"
                    WIDTH="949.0"
                    HEIGHT="117.0"></String>
          </TextLine>

          
          
          <TextLine ID="eSc_line_6ff44fe2"
                    TAGREFS="LT1939"
                    BASELINE="1372 2982 2331 2975" 
                    HPOS="1370.0"
                    VPOS="2895.0"
                    WIDTH="961.0"
                    HEIGHT="117.0">
            <Shape><Polygon POINTS="1372 2982 1375 3012 1423 3000 1687 3005 1876 3009 1878 3009 1880 3009 1883 3009 1894 3000 1899 2998 1917 3000 1966 3009 1968 3009 2071 2998 2094 2996 2120 2996 2276 3007 2278 3007 2281 3007 2331 2991 2331 2975 2324 2895 2264 2897 2262 2897 2260 2897 2260 2899 2246 2911 2166 2899 2163 2899 2046 2911 2030 2899 2028 2897 2025 2897 2023 2897 2021 2897 2018 2897 2005 2901 1956 2913 1844 2904 1782 2899 1779 2899 1703 2906 1623 2915 1584 2908 1531 2901 1529 2901 1370 2913 1372 2982"/></Shape>
	    <String CONTENT="pour le grant chant quil a eu. puys"
                    HPOS="1370.0"
                    VPOS="2895.0"
                    WIDTH="961.0"
                    HEIGHT="117.0"></String>
          </TextLine>

          
          
          <TextLine ID="eSc_line_fa970848"
                    TAGREFS="LT1939"
                    BASELINE="1375 3072 2327 3065" 
                    HPOS="1372.0"
                    VPOS="2984.0"
                    WIDTH="955.0"
                    HEIGHT="101.0">
            <Shape><Polygon POINTS="1375 3072 1375 3085 2324 3081 2327 3065 2322 3003 2025 2984 2023 2984 2021 2984 1956 3003 1885 2986 1883 2986 1880 2986 1878 2986 1878 2989 1862 3005 1777 3005 1749 2986 1747 2986 1745 2986 1742 2986 1641 2989 1639 2989 1637 2989 1611 3005 1575 2989 1572 2989 1487 2989 1485 2989 1483 2989 1480 2989 1480 2991 1469 3000 1404 2991 1402 2991 1400 2991 1372 3005 1375 3072"/></Shape>
	    <String CONTENT="sen ira boyre et couchier en son lit. en"
                    HPOS="1372.0"
                    VPOS="2984.0"
                    WIDTH="955.0"
                    HEIGHT="101.0"
                    WC="0.97225898951292"></String>
          </TextLine>

          
          
          <TextLine ID="eSc_line_8c3cf582"
                    TAGREFS="LT1939"
                    BASELINE="1379 3159 2331 3150" 
                    HPOS="1377.0"
                    VPOS="3069.0"
                    WIDTH="954.0"
                    HEIGHT="113.0">
            <Shape><Polygon POINTS="1379 3159 1379 3182 2329 3168 2331 3150 2327 3085 2189 3069 2186 3069 2099 3085 2085 3085 2064 3085 1936 3072 1933 3072 1931 3072 1897 3085 1892 3085 1848 3085 1621 3074 1618 3074 1377 3083 1379 3159"/></Shape>
	    <String CONTENT="biaus draps fres ⁊ linges. et dormi"
                    HPOS="1377.0"
                    VPOS="3069.0"
                    WIDTH="954.0"
                    HEIGHT="113.0"></String>
          </TextLine>

          
          
          <TextLine ID="eSc_line_2b0cdc81"
                    TAGREFS="LT1939"
                    BASELINE="1384 3253 2324 3242" 
                    HPOS="1381.0"
                    VPOS="3157.0"
                    WIDTH="943.0"
                    HEIGHT="165.0">
            <Shape><Polygon POINTS="1384 3253 1384 3295 1756 3322 1759 3322 1970 3318 1972 3318 2025 3295 2046 3295 2138 3288 2154 3295 2175 3302 2177 3302 2179 3302 2182 3302 2202 3295 2221 3288 2322 3292 2324 3242 2322 3175 2262 3159 2260 3159 2258 3159 2127 3168 2115 3159 2115 3157 2113 3157 2110 3157 2108 3157 2106 3157 2104 3157 2074 3175 1694 3164 1692 3164 1690 3164 1687 3164 1667 3177 1570 3161 1568 3161 1423 3164 1421 3164 1381 3182 1384 3253"/></Shape>
	    <String CONTENT="ra bien et sainement la nuyt sans"
                    HPOS="1381.0"
                    VPOS="3157.0"
                    WIDTH="943.0"
                    HEIGHT="165.0"
                    WC="0.986959603699771"></String>
          </TextLine>

          
          
          <TextLine ID="eSc_line_d5c44683"
                    
                    BASELINE="2381 2514 2642 2499" 
                    HPOS="2373.0"
                    VPOS="2359.0"
                    WIDTH="266.0"
                    HEIGHT="210.0">
            <Shape><Polygon POINTS="2377 2455 2380 2510 2380 2545 2446 2569 2449 2569 2453 2569 2456 2569 2491 2552 2511 2542 2543 2555 2567 2566 2570 2566 2574 2566 2639 2559 2639 2497 2625 2359 2373 2366 2377 2455"/></Shape>
	    <String CONTENT="⁜ de souper"
                    HPOS="2373.0"
                    VPOS="2359.0"
                    WIDTH="266.0"
                    HEIGHT="210.0"></String>
          </TextLine>

          
        </TextBlock>
        
        <TextBlock HPOS="2463.0"
                   VPOS="99.0"
                   WIDTH="131.0"
                   HEIGHT="124.0"
                   ID="eSc_textblock_ad7fca50"
                   TAGREFS="BT5651">
          <Shape><Polygon POINTS="2463 99 2463 223 2594 223 2594 99"/></Shape>
          
          
          <TextLine ID="eSc_line_6d54d2c5"
                    TAGREFS="LT1939"
                    BASELINE="2534 186 2582 188" 
                    HPOS="2531.0"
                    VPOS="108.0"
                    WIDTH="51.0"
                    HEIGHT="163.0">
            <Shape><Polygon POINTS="2534 186 2531 271 2577 255 2582 188 2582 114 2534 108 2534 186"/></Shape>
	    <String CONTENT="iii"
                    HPOS="2531.0"
                    VPOS="108.0"
                    WIDTH="51.0"
                    HEIGHT="163.0"></String>
          </TextLine>

          
        </TextBlock>
        
        <TextBlock HPOS="2356.0"
                   VPOS="2395.0"
                   WIDTH="309.0"
                   HEIGHT="177.0"
                   ID="eSc_textblock_7eb9f73a"
                   TAGREFS="BT5649">
          <Shape><Polygon POINTS="2646 2455 2665 2508 2525 2572 2356 2524 2384 2468 2421 2395"/></Shape>
          
        </TextBlock>
        

        
      </PrintSpace>
    </Page>
  </Layout>
</alto>
