4506 6466
1315.0 840.0 1358.0 129.0 respondi .S̾. martins ⁊ si dist cest uier del sau

1318.0 955.0 1319.0 104.0 tier. Dominus michi adiutor. non time

1304.0 1041.0 1351.0 101.0 bo quid faciat michi homo. Cest adire nr̃e

1322.0 1113.0 1319.0 122.0 sires est mes aidieres. si ne cremirai cose

1322.0 1214.0 1315.0 104.0 ke nus hom me face. Et maintenant qͥl

1318.0 1296.0 1341.0 112.0 ot ce dit sesuanui li anemis de deuant lui.

1322.0 1383.0 1322.0 111.0 ⁊ li .S̾. hom ala tant ke il uint a sa mere. si

1322.0 1472.0 1308.0 115.0 le ꝯu̾ti ale sainte loi de baꝑtesme. ⁊ cest

1318.0 1566.0 1337.0 118.0 desirier auoit il eu molt longement en sa

1318.0 1659.0 1312.0 111.0 pensee. ⁊ pluisors autres torna il al sau

1318.0 1767.0 1323.0 93.0 uement de lor ames ꝑ son exenple. mais a

1322.0 1828.0 1326.0 115.0 pres uint li mauuaistes diresie ki pres fu

1325.0 1932.0 1334.0 101.0 espandue ꝑ tout le monde. dont arrius li

1325.0 2015.0 1341.0 115.0 escumeniies fu chies ⁊ maistres .s̾. martĩs

1325.0 2105.0 1319.0 100.0 li preudom se ꝯbatoit tous seus ꝯtre les p̃

1325.0 2187.0 1334.0 122.0 stres ⁊ ꝯtre les clers ꝑ desputison ⁊ ꝑ uraies

1329.0 2288.0 1330.0 104.0 ꝑoles tant qͣ la ꝑfin le laidengierent ⁊ ba

1322.0 2356.0 1333.0 108.0 tirent de u̾ges. ⁊ le cachierent fors de la ci

1322.0 2453.0 1344.0 97.0 te. Dont sen repaira li .S̾. hom en lonbar

1307.0 2521.0 1352.0 133.0 die. ⁊ la oi il noueles de .S̾. hyllaire ke il a

1322.0 2636.0 1297.0 94.0 uoit este molt torbles ꝑ les herites ki le

1325.0 2722.0 870.0 108.0 mauuaise loi ensiuoient.

1458.0 2798.0 1179.0 129.0 ors sen reuint me sire .s̾. Martins en

1455.0 2888.0 1182.0 100.0 france. ⁊ pres de la cite de poitiers fist

1325.0 2974.0 1352.0 111.0 une celle por arrester ⁊ por mener sainte uie

1325.0 3046.0 1330.0 118.0 ⁊ la uint uns hom ensamble lui la p̃seig

1325.0 3146.0 1341.0 104.0 nies estoit. ne nauoit encore receu baptes

1329.0 3236.0 1312.0 104.0 me. si demora ensamble lui por ce ke il uo

1318.0 3319.0 1359.0 104.0 loit estre enseignies ⁊ apris de sa sainte doc

1325.0 3412.0 1334.0 97.0 trine. mais ni ot mie este grant tans qͣnt

1325.0 3480.0 1301.0 133.0 une langors li prist. ⁊ fieures ki molt le

1325.0 3585.0 1337.0 118.0 trauellierent. ⁊ a dont sestoit .s̾. martins ꝑ

1318.0 3667.0 1333.0 115.0 tis de la. ⁊ ert a les anoncier ⁊ preechier la

1318.0 3753.0 1348.0 133.0 loi nr̃e signor as gens ki nestoient mie fer

1325.0 3865.0 1337.0 90.0 mement en creance. Et qͣnt uint au tiere

1325.0 3933.0 1312.0 119.0 ior ⁊ il fu repairies. il troua celui mort. ⁊ si

1311.0 4016.0 1348.0 122.0 estoit si soudainement mors ke il nauoit

1325.0 4120.0 1323.0 97.0 encore receu baptesme. ⁊ li cors estoit mis

1322.0 4192.0 1322.0 107.0 en la celle. ⁊ li frere estoient tout entor ki

1318.0 4289.0 1312.0 118.0 le seruice faisoient en plorant. car bñ sa

1318.0 4375.0 1330.0 104.0 cies qͥl i auoit preudomes ⁊ .s̾. homes as

1318.0 4457.0 1330.0 115.0 sambles ki tenoient le ruile de religion p᷑

1315.0 4540.0 1347.0 115.0 nr̃e signor ⁊ por ensiuir les oeures .s̾. mar

1307.0 4651.0 1244.0 105.0 tin lor beneoit pasteur ⁊ lor bon pere.

1473.0 4716.0 1211.0 122.0 uant li .S̾. hom uit celui ki mors estoit

1422.0 4820.0 1219.0 97.0 en tel maniere. il ꝯmenca a plorer ⁊

1322.0 4885.0 1315.0 169.0 fu molt dolans por ce ke il nauoit receu

2414.0 305.0 532.0 287.0 . DE .S̾.

2903.0 836.0 1211.0 155.0 baptesme. Dont ꝯmanda ke tuit cil qͥ lai

2899 948 1229 161 ens estoient ississent fors de la celle. Qnͣt il

2899 1034 1240 151 en furent tuit issu si frema les huis. si se cou

2894 1109 1234 151 ca en orisons sor le cors son frere ki mor se

2899 1196 1240 156 stoit. A paines i ot il este lespase de .ii. eures

2903.0 1303.0 1222.0 137.0 qͣnt il senti ke tout li menbre li mouoient

2903.0 1393.0 1218.0 133.0 ⁊ si uit ke il ouuroit les ielx. Dont ꝯmenca

2903.0 1487.0 1229.0 125.0 li .s̾. hom grases a rendre a nr̃e signor a ml̾t

2903.0 1576.0 1232.0 123.0 hautes uois ⁊ a molt grans loenges. Qnͣt

2903.0 1656.0 1232.0 118.0 ce uirent li frere ki ꝑ defors estoient. il en

2899.0 1753.0 1233.0 125.0 trerent molt tost dedens la celle. si esgarde

2903.0 1839.0 1240.0 136.0 rent a grant m̾uelle celui ke il ueoient ui

2903.0 1939.0 1236.0 122.0 ure ke il auoient orendroit laissiet sans ui

2899.0 2015.0 1244.0 140.0 e ⁊ mort. Ensi ot cil uie ꝑ le proiere .s̾. martin

2906.0 2119.0 1229.0 104.0 ⁊ fu resuscitez. ⁊ fu en meisme leure bap

2906.0 2202.0 1237.0 111.0 tizies. ⁊ uesqui grant tans ⁊ mena saĩte uie.

2889.0 2273.0 1254.0 133.0 Et ce fu de .s̾. martin li premiere miracle.

3061 2365 1078 129 pres cou ne mie lonc tans la u li preudõ

3066 2457 1078 129 trespassoit .i. ior ꝑ deuant le maison dũ

2899.0 2546.0 1251.0 105.0 riche home ⁊ preudome selonc le siecle ki lu

2896.0 2636.0 1254.0 108.0 picines estoit apieles ꝑ non. il oi grant cri ⁊

2903.0 2730.0 1240.0 100.0 grant noise de plainte ⁊ de dolor ke gens i de

2906.0 2816.0 1240.0 100.0 menoient. Il i torna si demanda ke ce pooit e

2903.0 2884.0 1247.0 126.0 stre. ⁊ on li dist ⁊ ꝯta cuns serians estoit estnͣ

2903.0 2988.0 1250.0 97.0 les du ne corde a .i. lach corant. Qnͣt ce oi li .s̾.

2903.0 3071.0 1250.0 108.0 hom il ala en la maison u li cors gisoit ki e

2906.0 3150.0 1251.0 118.0 stoit mors. Dont fist issir tous ciaus ki en lo

2903.0 3247.0 1258.0 100.0 stel estoient. dont se couca en orisons ⁊ fist ses

2903.0 3326.0 1250.0 111.0 proieres a nr̃e signor tout en plorant. Tãtost

2903.0 3419.0 1250.0 112.0 se leua cil ki mors estoit si prist le main dous

2903.0 3495.0 1243.0 111.0 home si uint tous drois sor ses pies en son e

2906.0 3595.0 1244.0 104.0 stant. ⁊ si ala tresqͣ la porte de la maison auoec

2896.0 3667.0 1250.0 137.0 le .s̾. home. ⁊ tout cil ki la estoient assamble ẽ

2860.0 3764.0 1139.0 162.0 rendoient grases a nostre seignor.

3039.0 3843.0 1111.0 122.0 N cel tans a dont le uoloient cil de tours

3029.0 3929.0 1121.0 112.0 auoir a euesq̃. mais nus ne le pooit ie

2899.0 4012.0 1254.0 119.0 ter de son liu ne de son mestier la u li frere est

2903.0 4102.0 1254.0 126.0 oient por auoir en autre liu demorance. Tãt

2903.0 4188.0 1247.0 119.0 cuns borgois de la cite ki molt estoit preudõ

2903.0 4278.0 1254.0 129.0 ⁊ sages Rameius auoit non. Uint a lui ⁊ si sa

2903.0 4364.0 1250.0 137.0 genoilla en sa presence. si li proia ml̾t douce

2903.0 4468.0 1254.0 104.0 ment ke il a la cite uenist por une gnͣt enfer

2899.0 4551.0 1254.0 108.0 mete ki tenoit sa feme. Li .s̾. hom li otroia

2899.0 4630.0 1258.0 118.0 tant qͥl se mist a la uoie daler a le cite de tour ᷤ

2903.0 4716.0 1261.0 122.0 ⁊ li cite ain de la uile estoient enꝯtre lui issu.

2906.0 4809.0 1247.0 112.0 ⁊ ne mie de la tant seulement. mais des pro

2906.0 4889.0 1247.0 143.0 chaines cites ⁊ des prochains castiaus. Et
