4217 6404
975.0 683.0 1373.0 270.0 la ou il est. Et que noꝰ

1067.0 935.0 1360.0 239.0 en puissons conquer

1088.0 1163.0 1310.0 245.0 re samour ⁊ sa grace.

1234.0 1398.0 1072.0 227.0 i commencerons t

1039.0 1611.0 1320.0 239.0 tout auant du glori

1042.0 1828.0 1285.0 224.0 eus dieu. souuerain.

1032.0 2035.0 1263.0 231.0 ⁊ de sa poissance. Cist

1067.0 2248.0 1253.0 246.0 chapistres parle de la

1437.0 2454.0 973.0 232.0 uant poissãce di-

1444.0 2668.0 967.0 245.0 diex fist le mõ en

1028.0 2892.0 1370.0 221.0 de au commencement.

1032.0 3088.0 1379.0 249.0 Il ne li en estoit nul me

1039.0 3287.0 1288.0 231.0 stier. Car autretant a

1032.0 3490.0 1302.0 242.0 uoit il deuant ꝯme il

1035.0 3707.0 1377.0 247.0 ot apres. Car diex fu

1039.0 3917.0 1372.0 224.0 deuant ⁊ sera touz iourz

1049.0 4116.0 1362.0 218.0 sanz fin ⁊ sanz comen

1042.0 4354.0 1313.0 214.0 cement. Donq̃s ne sen

1035.0 4561.0 1402.0 272.0 amenda il de riens. Car

2572.0 686.0 1317.0 249.0 il ne li failli onq̃s nl̾

2534.0 917.0 1327.0 242.0 le chose. Tout uoit : to

2487.0 1159.0 1317.0 228.0 ut tient en sa main.

2551.0 1376.0 1306.0 239.0 Il not onq̃s ne faim.

2572.0 1593.0 1253.0 232.0 ne soif. ne tans. ne :

2576.0 1821.0 1253.0 260.0 mois. ne heure. Ainz

2562.0 2042.0 1295.0 245.0 demuere tout ades en

2555.0 2276.0 1306.0 221.0 touz biens. Car a lui

2552.0 2461.0 1305.0 232.0 na fiert ne tost. ne tart.

2562.0 2664.0 1316.0 256.0 quẽ qui onq̃s fust. ne

2562.0 2899.0 1270.0 238.0 qui ia soit il est touz

2552.0 3109.0 1302.0 242.0 iourz deuant les ieulz.

2558.0 3305.0 1299.0 249.0 autresi bien li loing cõ

2551.0 3500.0 1270.0 289.0 me li pres. Tout ausi

2551.0 3714.0 1278.0 256.0 bien ueoit il le monde

2551.0 3954.0 1276.0 219.0 ainz quil feust faiz. ⁊

2552.0 4140.0 1284.0 221.0 me fait orendroit.

2811.0 4347.0 1053.0 256.0 t se il neust onq̃s

2525.0 4585.0 1282.0 267.0 fait le monde: autre
