4190 6315
407.0 677.0 1263.0 224.0 tant uausist il a don

417.0 915.0 1249.0 214.0 ques cõme il puet la

414.0 1133.0 1235.0 231.0 mais mieulz ualoir.

389.0 1340.0 1291.0 224.0 Car autrement ne fust

389.0 1547.0 1309.0 242.0 il pas diex: se il ne seut

382.0 1768.0 1295.0 224.0 tout ⁊ ueist tout quan

389.0 1978.0 1316.0 239.0 que iamais estre peust.

389.0 2182.0 1312.0 238.0 Car ainsi feust il defail

389.0 2399.0 1256.0 221.0 lanz ⁊ nõ poissanz dau

393.0 2585.0 1273.0 235.0 cune chose. ⁊ de tant fust

386.0 2806.0 1259.0 242.0 il hons mortels. Mais

368.0 3003.0 1316.0 249.0 sa nature nest pas tele.

371.0 3224.0 1225.0 217.0 Car il est diex entiere

347.0 3434.0 1281.0 225.0 ment sanz commence

207.0 3641.0 1354.0 232.0 ment ⁊ sanz fin.

656.0 3827.0 968.0 267.0 ulle chose ne li est

329.0 4062.0 1292.0 249.0 uiez ne nouuele. Ainz

371.0 4266.0 1239.0 235.0 li est touz iourz bele ⁊

364.0 4476.0 1260.0 302.0 fresche. Et touz biens

1866.0 663.0 1285.0 263.0 sont siens a droiture.

1866.0 915.0 1257.0 239.0 ⁊ par nature sen uoũt

1863.0 1133.0 1249.0 224.0 a lui. Car de lui uien

1852.0 1364.0 1323.0 235.0 nent touz ⁊ mueuent.

1866.0 1571.0 1355.0 211.0 ⁊ a lui tienent leur dro

1856.0 1778.0 1298.0 232.0 it clemin. Il naura ia

1852.0 2017.0 1351.0 231.0 cure de nul mal. Car sa

1845.0 2210.0 1323.0 231.0 bontez est toute pure et

1852.0 2420.0 1341.0 190.0 saintisme. ⁊ sainne ⁊ ne

1828.0 2603.0 1330.0 242.0 te sanz nul mal. Car li

1835.0 2827.0 1305.0 235.0 mal li sont contraite. ⁊

1845.0 3045.0 1281.0 221.0 pour ce couuient il qui

1828.0 3241.0 1302.0 239.0 se traient en sus de lui.

1817.0 3455.0 1313.0 232.0 ⁊ touz ses biens. Car ce

1828.0 3655.0 1274.0 256.0 nest fors que fiens et

1824.0 3883.0 1285.0 228.0 ordure: si le couuient

1824.0 4087.0 1267.0 242.0 descendre en ꝑfont. Et

1831.0 4297.0 1278.0 232.0 li biens couuient aler

1817.0 4522.0 1232.0 231.0 contremont deuant
