8764 6225
4693 684 1470 132 largitas amiticiam amiticia consilium et iuuamen

4703 798 1525 94 propter hoc enim fuit orbis coustitutus et leges ordĩate

4689 857 1436 94 et combien que ie scay que en uous aulz assez sens

4686 919 1452 90 prudence el distrecion de congnoistre et sauoir les

4693 978 1470 83 choses desssdictes toutesuoye par la singuliere amour

4693 1030 1463 97 que iay en uous il me suis esbatu a escripre ce que

4693 1082 1494 107 dit est, Et uous prit que le preniez en gre en acõplissãt

4682 1151 1571 90 mon thennie Audite illos et quod iustum est iudicate

4686 1203 1463 107 ⁊cꝭ en ce faisant iay esperance que aurez ioye

4682 1269 1450 100 en ce moude et a la fin la ioy de paradis Ad quam

4689 1321 1422 121 nos et uos conducat ille qou suit fine uiuit et

4689 1376 446 93 regnat amen

4669 1452 1459 138 Proposition faicte par Iehan iuuenal des

4672 1542 1449 93 ursins euesque et conte de beauuais par deuant

4682 1608 1453 107 hault et puissant prince le conte deu lieutenant

4675 1660 508 103 general du roy

4859 1729 1338 124 Ault et puissant prince et nostre tres honnore

4692 1741 164 178 H

4817 1808 1342 97 et redoubte seigneur les gens deglise nobles

4655 1864 1542 107 Et habitans de la bonne cite de beauuais ont deputes

4649 1919 1593 124 et ordonnes ceulx qui sont cy pñs et aussi moy iudigne

4669 2002 1528 90 prolas de teste cite sommes uenus par deuers uous farde

4665 2064 1508 87 honneur et reuerence telle que nous pouons et uraie

4665 2126 1522 90 obeissance et disons tous ensemble que uous soiez le

4669 2192 1501 80 tres bien uenu et en somnes tous tresiouys en aiant

4675 2247 1512 104 esperance en dieu et en uous Requerens que il uous

4672 2306 1543 107 plaise les tenir pour excuses si ne sont uenus en plus

4669 2375 1511 87 grande compaignie, Et pour uous exposer aucunes

4672 2424 1529 104 choses et faire supplications et requestes ie prenderay

4669 2486 1528 121 les parolles du prophete dauid escriptes psal ͦ. septuagi. ͫ ͦ

4665 2555 1577 97 Inte dñe speraui non confundar in eternum in iusticia

4665 2617 1543 101 tua libera me et eripe me lesquelles parolles peuent

4669 2683 1497 100 estre exposees en francois nr̃e Redoubte seigneur noꝰ

4675 2759 1453 80 auons esperance en toy et te supplions que nous ne

4675 2815 1474 90 ꝑꝑions pas estre confundus perpetuellement en ta

4662 2860 1525 96 bonne iustice ueilles nous deliurer et oster de paines

4664 2910 1593 119 et tribulacions ou nous somnes, et se intitule le pseau ͫ ͤ

4665 2991 1515 86 ou est contenu ce pñt therme les esstamine des enffẽs

4662 3053 1514 94 ionadab et de pluseurs aultres prisoniers dont menciõ

4665 3122 1467 87 est ieremie .xxxuͦ. .cͦ. ionadal se interprete obeissant

4662 3181 1497 97 adieu ou faisant le plaisir de dieu lequel conmanda

4662 3247 1480 79 a ses enffens et aultres qui ne bussent point de uin

4658 3299 1498 93 ieremie les uoult tenter pour sauoir il leur uoulente

4658 3375 1512 79 estoit ferme pour obeir au conmandement que leur

4651 3430 1539 87 auoit fait ionadab et leur ordonna et conmanda quil

4651 3489 1519 93 bussent du uin lesquieulx ne uouldrent en ce obeir a

4648 3544 1501 108 ieremie mais plainement luy respondirent quilz

4651 3610 1519 86 obeiroient au conmandement de ionadab leur pert les

4655 3669 1511 83 enffens de ionadab se peuent dire les habitans de ceste

4648 3731 1480 76 cite de beauuais lesquieulx ont tousiours obey et

4651 3797 1422 69 obeiront iusques a la mort au roy leur pere et

4644 3842 1474 83 souuerain seigneur et se peut deuiser ce pñt en trois

4651 3904 1512 111 parties ou premier sera monstre la noblesse haultesse

4644 3959 1449 114 et uaillance de ur̃e personne, quia dñe en ayant en

4644 4022 1536 107 uous singuliere esperance quia speraui, le deux point

4641 4094 1504 94 stra pour expeller les tribulacions et afflictions que

4637 4150 1529 103 nous auons et mesment par ceulx qui nous deussẽt

4641 4215 1518 97 garder lesquelles semblent estre perpetuelles toutesuoie

4634 4277 1515 97 nous auous esperance quelles ne le seront mie par ur̃e

4641 4350 1549 100 moyen quia non confundar in eternum, le tiers point

4641 4412 1511 97 si est uous requerir de en faire iustice et raison et nous

4634 4475 1508 93 en deliueres et osteres des tribulacions ou nous sõmes

4644 4544 1467 86 quia in iusticia tua libera me et eripe me, Au regard

4634 4585 1484 114 du premier point de la noblesse elle est toute notaire

4637 4665 1474 83 car uous estes prochain parent du roy et de plusiurs

4637 4713 1501 94 de son sanc et linage feu mons̾ ur̃e pere estoit tenu et

4637 4769 1512 114 repute lung des plus uaillans seigneur et prince qui

4627 4838 1460 97 fut en ce royaulme et fut en sarasinasme contre les

4627 4897 1508 93 mescreans et ymouront ou ala de uie a trespassement

4620 4952 1518 173 de ur̃e personne pour ce que estes pñt sembleroit que de

6370 691 1487 135 uous leuer seroit flaterie toutesuois ie uous congnois

6370 788 1498 97 de ieunesse ur̃e hault courage que aues tousiours et

6374 840 1514 104 et pour seruir le roy et la chose publique de ce royaulme

6374 923 1501 86 tellement que a la bataille dasincourt fustes prins des

6377 982 1487 86 annemis et mene en angleterre et ne a gueres en aues

6381 1044 1456 90 este deliure et apres ur̃e deliurance estes uenu en ceste

6374 1106 1476 94 cite de beauuais qui est en frontiere des ennemis du

6370 1168 1474 87 royaulme cest assauoir anglois et leur alliez qui

6377 1227 1553 107 est la principalle et pereilleuse frontiere de ce royaulme

6374 1300 1504 100 pour uous emploier ou. ssuire du roy qui sont toutes

6370 1359 1463 100 choses et signes de uaillant et noble corrage de prince

6374 1435 1463 97 si uous deuons seruice obeissance et porter honneur

6377 1476 1522 107 ce que nous ferons de nr̃e pouoir honor enim est primũ

6374 1545 1456 97 uirtutem et uirtute ꝑfice̾ non sist dignus honor et est

6367 1604 1438 100 honor hdtio reuerencie ĩ testimõni ⟦ueritat⟧ uirtutis

6377 1660 1442 121 irdĩm pħłm li ͦ ethicorũ honneur se doit faire a gens

6363 1736 1491 96 uertueulx conme et est la retribucion que nous uous

6367 1805 1432 107 pouons donner qui nest pastelle ne si souffisante

6370 1877 1460 80 conme il appartient a ur̃e ꝑsonne mais selon ce que

6360 1940 1449 93 dit le pħłe cest ung tesmoingnage de uertus uostre

6356 1988 1474 111 uaillance et courage que aues nest point ꝑ ambicion

6356 2057 1532 101 conuoitise ou auarise mais par ung uaillant corage

6360 2116 1608 104 et pour ce honneur uous est deue l. contra .s. de Renulitam

6363 2182 1505 100 et auons tousiours fort desire ur̃e uenut en disant les

6360 2254 1522 90 parolles du propħe abaruth .c. ii ͦ ueniens ueniet et non

6349 2324 1450 93 tardabit, en ioingnant les ꝑolles de ysaye le propħe

6363 2386 1498 93 ysaye .xl ͦ. ecce ueniet dño in fortitudine et brachium

6349 2438 1491 90 ⁊ uis duabitur le seigneur uendra en bonne forte et

6353 2510 1532 101 son bras dominera et en ce est toute lesperance de mon

6353 2576 889 80 peuple et de moy et pour ce ie

7318 2586 546 90 la premiere partie

6349 2638 1512 90 de mon themmie in te dñe speraui au regart du deux

6349 2697 1498 100 point ouquel en effect est a monstrer les tribulaciõs

6346 2777 1487 100 et afflictions que nous souffrons et nr̃e loyaulte

6343 2839 1545 90 Au regart des anglois qui nous persecutent et leurs

6343 2901 1507 104 aliez des maulx quilz nous font nous prenons en

6349 2960 1418 93 pascience car ilz sont nos ennemis et auons bon

6343 3029 1535 90 courage de leur resister et tenir fermes en lobeissance

6336 3095 1504 83 du roy nr̃e souuerain seigneur mez des gens de guerre

6346 3147 1570 103 qui se dient este au roy ilz destruisent tout et rancõnent

6336 3205 1449 94 les poures gens prennent prisonniers les mettent a

6336 3275 1501 100 finance pour laquelle auoir les batent et desrompent

6339 3330 1453 107 les mettent en fosses et les tirannisent en pluseurs

6343 3406 1428 93 et diuersses manieres emparent places pour faire

6339 3465 1456 90 guerre aux angloix lesquelles sont plus po᷑ destruire

6332 3527 1505 97 le peuple et les ssuiteurs du roy que aultrement cõe

6329 3589 1487 111 uous uous poures plus a ꝑlain informer et combien

6329 3669 1480 90 que les ennemis uoyans les duretes et tirannies que

6336 3728 1483 90 nous faisoient lesdessđ par diuers moyens ont fait

6339 3790 1442 97 plusieurs entreprinses sur ceste cite et par parolles

6336 3862 1376 80 deceptiues les ont cuide reduire a leur obeissance

6329 3925 1414 86 toutesuoie conme bon urais et loyaulx subgetz se

6336 3984 1452 89 sont fermement tenus en la uraye obeissance du

6336 4053 1452 103 roy et disons ce qui est contenu ad Romanos .xii ͦ.

6339 4105 1446 110 sine uiuimus sine moriamur dñi sumus soit a

6339 4174 1439 97 uie soit a mort nous luy serons loyaulx et ce que

6329 4236 1438 100 dit aussi ysi .xxb ͦ. s. iste est dñs sustinuimus ⟦  ⟧eum

6336 4295 1480 100 exultabimus et letabimur in salutare eius cest nr̃e

6325 4357 1557 107 souuerain seigneur nous le s̾uirons et soubstendrons

6322 4430 1497 107 et nous exauss̾ons et resiourions en sa uraye ꝓsꝑite

6325 4495 1408 104 et sante et auons esperance que par ur̃e moyen y

6325 4558 1498 103 metteres remede ꝙ non confundemur in eternum

6325 4616 1505 108 et cest quant au deux point de ceste pñte proposicion

6322 4668 1539 111 Et teste a expedier le troisieme point ou ie disoie que

6318 4727 1515 118 uous nr̃e redoubte seigneur nous serons hors et par

6315 4786 1487 124 ur̃e bonne iustice des tribulacions ou nous sonmes

6325 4869 1404 97 quia in tua iusticia eripe et libera me quant ie

6315 4921 1553 100 considere la noblece de ur̃e personne qui aues prĩmoine

6315 4983 1535 149 et titre de conte en ce royaulme et asses pres de ceste cite

8058 5408 111 187 120
