2897 4129
293 300 707 140 ci lairai ueste matiere

438 424 884 110 euesques ert dautre maniere

436 511 881 106 Q̾ couoiteux ne eschars niere

259 596 849 110 M ais cortois ⁊ bien afaitiez

263 676 875 119 Q ue cil fust iai bien deshaitiez

261 770 762 115 ⁊ ueist preudome uenir

261 857 836 124 N uns nel peust el list tenir

263 954 949 112 C ompeignie de boens crestiens

263 1039 825 96 E stoit ces droiz fisitiens.

259 1128 955 108 T ouz iors estoit plainne sa sale

261 1218 907 94 S a maignie nestoit pas male

261 1309 776 101 M ais quanque li sires uoloit

252 1406 877 98 N uns de ces sers ne sen doloit

257 1486 828 103 C il ot mueble ce fut de dete

252 1573 934 106 C ar qui trop despent il sen dete

358 1656 916 103 n iour grant compaignie auoit

358 1738 945 115 li preudons qui toz biens sauoit

234 1832 998 110 S i parla len de ces clers riches.

241 1917 906 113 ⁊ des prestres auers ⁊ chiches

238 2018 948 101 Q ui ne font bontei ne honour

245 2117 776 89 a euesque ne a seignour

234 2188 867 101 C il prestres ifut emputeiz

234 2275 950 101 Q ui tant fut riches ⁊ monteiz

227 2360 769 94 A usi bien fut sa uie dite

229 2445 781 101 C on cil la ueissent escrite

234 2541 785 101 ⁊ li dona len plus dauoir

231 2633 909 96 Q ue troi nem peusfent auoir

231 2709 1001 110 C ar hom dit trop plus de la choze

231 2796 974 114 Q ue hom ni trueue a la parcloze

374 2885 720 110 ncor at il teil choze faite

374 2984 900 108 dont granz monoie seroit traite

236 3076 838 101 S estoit qui la meist auant

236 3149 957 106 F ait cil qui wet seruir deuant

227 3257 943 98 ⁊ cen deuroit grant guerredon

229 3333 895 105 ⁊ qua il fait dit li preudom

227 3422 861 115 I l at pis fait cun beduyn

1420 295 900 133 Q uil at son asne bauduyn

1425 410 728 94 M is en la terre beneoite

1418 500 732 107 S a uie soit la maleoite

1423 578 939 107 F ait lesuesques se ce est uoirs

1423 667 817 92 H oniz soit il ⁊ ces auoirs

1414 756 955 99 G autier faites le nos semondre

1420 851 923 100 S i orrons le prestre respondre

1416 945 891 98 A ce que robers li mest seure

1420 1029 797 101 ⁊ ie di se dex me secoure

1418 1114 971 101 S e cest uoirs ien aurai la mende

1425 1215 907 97 I e uos otroi que lan me pande

1420 1284 861 106 S e ce nest uoirs que iai contei

1409 1378 861 113 S ine uos fist onques bontei

1515 1465 879 122 l fut semons li prestres uient

1521 1562 834 107 uenuz est respondre couuient

1400 1649 810 98 a son euesque de cest quas

1400 1741 932 98 D onc li prestres doit estre quas

1393 1828 865 96 F aus desleaux deu anemis

1391 1917 906 94 O u aueiz uos uostre asne mis

1386 2002 962 108 D ist lesuesques mout aueiz fait

1391 2092 913 112 A sainte esglise grant meffait

1391 2192 971 99 O nques mais nuns si grant noy

1386 2280 836 96 Qui aueiz uotre asne enfoy

1393 2351 920 114 L a ou on met gent crestienne

1388 2449 792 115 P ar marie legyptienne

1391 2534 886 124 C il puet estre choze prouee

1393 2631 879 110 N e par la bone gent trouee

1400 2718 909 108 I e uos ferai metre en prison

1393 2803 907 107 C onques noy teil mesprison

1391 2892 1028 115 D it li prestres biax tres dolz sire

1388 2986 820 108 T oute parole se lait dire

1384 3078 927 112 M ais ie demant ior de conseil

1384 3156 1001 121 Q uil est droiz que ie me conseil

1386 3252 840 106 D e ceste choze cil uos plait

1384 3337 893 119 N on pas que ie ibee en plait

1386 3429 817 126 I e wel bien le conseil aiez
