2958 4261
442 288 735 133 Ou papelart habitent

431 414 769 111 Com ne lou tenist iai

483 511 689 109 A saint ou a hermite.

599 589 646 118 A las con uanrront or

589 681 630 112 tart a la repentance

457 776 589 106 S entre cuer ⁊ abit

466 871 725 116 a point de differance

454 963 723 111 F aire lor couuaurrat

449 1053 697 116 T rop dure penitance

440 1136 812 125 T rop par aimme le siecle

407 1223 800 123 Q ui par su ci auance-

613 1325 511 109 iuiniteiz qui est

603 1417 633 116 Science esperitauble

421 1515 592 104 O nt il tornei le doz

423 1600 777 109 ⁊ sen sont connestauble.

419 1685 919 121 Chacuns cuide estre apotres

419 1777 840 109 Q uant il siet a la tauble

412 1877 928 113 M ais diex pour ces apostres

435 1964 796 121 D e uie plus metauble.

554 2066 691 109 il diex qui par sa mort

551 2168 836 106 uont le mort denfer mordre

395 2244 684 109 M e uoelle cil li plait

402 2329 718 111 A son amour amordre.

397 2419 858 113 G i en sai quest granz corone

390 2511 839 107 M ais ie ne sai quest ordre

400 2611 829 111 C ar il font trop de chozes

395 2698 874 114 Q ui mout font a remordre

402 2788 332 97 Ex pli

971 2807 163 83 cit

497 2864 812 135 est li testament de lasne

715 2977 485 100 ui wet au siecle

729 3053 523 116 a honeur uiure

722 3160 535 104 ⁊ la uie de seux

691 3243 429 108 Ensuyre

381 3309 961 137 Q ui beent a auoir cheuance

378 3406 1069 137 M out trueue au siecle de nuisance

364 3503 985 135 Q uil at mesdizans dauantage

1589 312 945 147 Q ui de ligier li font damage

1584 426 921 137 ⁊ si est touz plains denuieux

1600 530 1026 125 I a niert tant biaux ne gracieux

1600 613 938 125 S e dix en sunt chiez lui assis

1589 698 916 135 D es mesdizans i aura six

1586 797 808 116 ⁊ denuieux i aura nuef

1591 901 985 116 P ar derrier ne prisent .i. oes

1593 984 926 123 ⁊ par deuant li font teil feste

1586 1072 938 128 C hacuns lencline de la teste

1584 1169 1011 121 C oument nauront de lui enuie

1591 1247 900 118 C il qui namandent de sa uie

1589 1332 1113 145 Q uant cil lont qui sont de sa table

1584 1436 1028 133 O ui ne li sont ferm ne metable

1589 1533 947 124 C e ne puet estre cest la uoire

1596 1626 890 113 I e le uos di por .i. prouuoire

1586 1706 924 114 Q ui auoit une bone esglise

1584 1806 843 94 S i ot toute sentence mise

1584 1891 869 118 A lui cheuir ⁊ faire auoir

1591 1990 819 86 A ce ot tornei son sauoir

1586 2080 832 114 A sseiz ot robes ⁊ deniers

1591 2163 1028 128 ⁊ de bleif toz plains ces greniers

1591 2265 988 106 Q ue li prestres sauoit bien uendre

1589 2364 795 90 ⁊ pour la uendue atendre.

1589 2440 852 97 D e paques a la saint remi

1584 2523 694 114 ⁊ si neust si boen ami

1586 2611 976 127 Q ui en peust riens nee traire

1591 2719 905 107 S om ne li fait a force faire

1743 2802 748 100 n asne auoit en sa maison

1745 2892 921 116 mais teil asne ne uit mais hom.

1558 2987 983 102 Q ui. uint ans entiers le serui

1539 3086 1028 102 M ais ne sai sonques teil serf .ui.

1567 3179 893 104 L i asnes morut de uiellesce

1565 3271 902 102 Q ui mout aida a la richesce

1570 3349 1129 121 T ant tint li prestres son cors chier

1567 3451 1019 111 C onques nou laissat acor chier

1589 3534 755 111 ⁊ len foy on semetiere
