4976 6613
1146.0 760.0 3190.0 242.0 Matin ⟦dempes⟧ dempres son seignr̾ on Ie lui ennuya

1135.0 911.0 3164.0 187.0 pour tant ce lui sambloit que son temps y pardoit

1120.0 999.0 3279.0 246.0 Et aussi quelle ne pouoit dormir ꝯme se faisoit, tout

1135.0 1124.0 3153.0 209.0 ainsi ꝯme celui quon fait couchier sans souper ne

1102.0 1245.0 3168.0 202.0 peut Reposer, Non faisoit la dame, pour ce quelle

1128.0 1344.0 3182.0 206.0 nauoit mie ce quelle eust bñ. uoulu auoir, A quoy

1139.0 1454.0 3296.0 195.0 elle pencoit moult souuent, Et quant elle fut leuee

1109.0 1576.0 3194.0 180.0 et entree en son Retrait qui bel et plaisant estoit

1124.0 1675.0 3161.0 191.0 elle se lassa gentement en manĩant son corps qui

1109.0 1789.0 3187.0 183.0 gentement estoit fait, prist ung miroire bel et

1120.0 1888.0 3209.0 191.0 cler pour soy ueoir, se parceut sa face belle couloree

1128.0 1991.0 3116.0 180.0 ⁊ plaisant, la facon de sa blanche poitrine, ommĩ ia

1106.0 2105.0 3142.0 183.0 large, Et les mam̃elles dessuz assises, Rondee ⁊ droite

1124.0 2215.0 3238.0 180.0 si ne se peust tenir de Rire qui bien lui seoit, Et migno

1106.0 2321.0 3186.0 188.0 tement, puis Regarda par une fenestre en ung Iardin

1117.0 2432.0 3157.0 187.0 ou Il faisoit deduisant, Et y chantoient les oiselles

1091.0 2549.0 3245.0 166.0 pour ce que cestoit ou temps deste, Sy fut ꝯme Raine

1098.0 2659.0 3264.0 166.0 en Ioie Et poura plus que deuant aux biens quamõ

1113.0 2770.0 2833.0 147.0 enuoie dont Ie lui sembloit auoir petite part

1135.0 2869.0 3094.0 195.0 fet lois la dame qui se cõmenca a merancolier Q

3916.0 2777.0 486.0 237.0 helas

1117.0 2986.0 3131.0 184.0 quelle heure peut Ie estre nee, qui ne suy a mon gre ꝑ

1106.0 3104.0 3182.0 165.0 mariaige assignee a hõme qui aueques moy se scent

1113.0 3203.0 3168.0 176.0 Ioieusement maintenir, las quel damaige de cestui

1098.0 3306.0 3176.0 191.0 uiellart qui par sa uiellesse aneantira mon corps qui

1095.0 3405.0 3182.0 191.0 ma face me lessera palir, ma grant beaulte flestrir et

1120.0 3497.0 3165.0 206.0 seichir par faulte de ieunesse qui sur lui na aucune

1021.0 3611.0 3289.0 198.0 uertu ne dominacion, Or ne plaist Ia a dieu que Ie soie

1117.0 3706.0 3182.0 206.0 ꝯsentante dainsi languir empres lui longuement, Car

1087.0 3820.0 3194.0 188.0 plus nen pourria pourroie endurer, Rins men cuide

1106.0 3934.0 3101.0 173.0 si betes et si bien deliurer que Ien auray ung qui

1098.0 4044.0 3142.0 158.0 sera a mon plaisir ieune amoureux et puissant, pour

1076.0 4151.0 3135.0 180.0 Uiure en Ioieusete et user ma ieunesse aut̾ment que

1084.0 4269.0 2690.0 224.0 Ie nay fait Ia par lespasse de sept annees

1605.0 4500.0 2485.0 180.0 Com̃ent la dame de hantonne fist mourir

1653.0 4636.0 2341.0 180.0 son mary pour espouser Doon de maiance

1086.0 4744.0 3376.0 270.0 La faulce dame ainsi endoctrinee du deable qui tous ma

1095.0 4934.0 3131.0 158.0 a faire conseille, auoit ung escuier en qui plus auoit

1102.0 5047.0 3113.0 147.0 grant fiance quen nul autre de son hostel, pour ce

1098.0 5147.0 3157.0 143.0 quelle lauoit de longue main nourry, Elle lapella par

1106.0 5253.0 3112.0 162.0 son nom ung iour que sa uoulente ne peust plus celer

1098.0 5341.0 669.0 213.0 Et lui dist

1833.0 5360.0 2378.0 224.0 AINS tu scez que que ie tay longuement
