4973 6624
3721.0 445.0 305.0 180.0 AD.

3754.0 574.0 493.0 191.0 suppl. fr.

3861.0 747.0 331.0 154.0 5345

1406.0 787.0 2617.0 261.0 POUR neant met lõme peine il aprender

1373.0 1004.0 2764.0 129.0 Se usee ne ueult desous Et le Bien prendre

942.0 1122.0 3243.0 147.0 En angleterre quon souloit Iadiz nõmee la grant breteigne

934.0 1229.0 3181.0 158.0 pour le temps que les chlr̾ ⁊ errans y souloient querir

960.0 1346.0 3133.0 137.0 les aduantures, En aduint une, nõmie pour lois Mais.

957.0 1446.0 3180.0 140.0 depuis, dun chlr̾ moult aaigie qui en son temps po᷑

949.0 1545.0 3144.0 155.0 lois que Ieunesse le gouu̾noit, estoit Riche, saige, ayme

949.0 1652.0 3147.0 140.0 de ses hõmes Bien uenu en toux lieux Et pas espãl

957.0 1755.0 3158.0 136.0 a La court de londres ou plus se tous tenoit le Roy

953.0 1858.0 3210.0 147.0 qun pour a donq Regnoit en Icelui paiz, Il estoit plain

953.0 1968.0 3162.0 148.0 de uaillance garin donne. et plain de bon conseil, Et

946.0 2075.0 3125.0 151.0 tousiours auoit este amoureux par espãl de belles

946.0 2178.0 3250.0 147.0 dames, Et de son nom uoult listoire parler ades quil

971.0 2292.0 3155.0 144.0 un puisse mieulx souuenir a aulx ou celles qui ceste

946.0 2399.0 3265.0 143.0 matĩ Recorderont, On lapoloit gui seignr̃ de hãtõne

946.0 2506.0 3184.0 150.0 lequel en son uielx aage se maria, ne dit point cy

953.0 2609.0 3239.0 176.0 listoire, se ce fut a la p̃miere ou deux ͫ ͤ fẽme, Mais

934.0 2726.0 3280.0 166.0 en sa malle houre, En prist une fille de noble hõme

938.0 2837.0 3158.0 151.0 Riche bien emparentee, Et tellement a son plaisir

979.0 2947.0 3232.0 158.0 q̃ nul ne lon sceut destourn̾, Sy sen Repenti depuis

912.0 3072.0 3225.0 140.0 fin des ꝯpte tant belle la uist quil lespousa, geust aueq

953.0 3175.0 3228.0 148.0 elle Et engendra ung beau filz, le quel en nom de

960.0 3286.0 3203.0 162.0 baptesme fut apele Beufues, Icelui enfant fut bñ

986.0 3407.0 3184.0 136.0 uenu Car moult layma son pe̾, Et le fist pencer Et

942.0 3510.0 3228.0 158.0 nourir bñ diligẽment si le ueoit chũn Iour tant

960.0 3635.0 3217.0 137.0 quil lui plaisoit ne plus nen post auoir que celui, de

964.0 3742.0 3147.0 147.0 La dame qui tant belle feme amoureuse et fresche

975.0 3856.0 3162.0 162.0 estoit que merueillee estoit de sa grant beaulte ueoir

1269.0 3963.0 2820.0 158.0 Celle dame ueant son seignr̾ uielx et flory, de

1332.0 4070.0 2761.0 169.0 nature desbilite et feble au Regart delle qui

1045.0 4191.0 3070.0 151.0 ne Requeroit que esbatement ⁊ Ioieusete par

957.0 4301.0 3169.0 133.0 la moincion de Ieunesse qui la gouu̾noit, ꝯme celle qui

968.0 4412.0 3165.0 143.0 en sa ⟦f⟧ estoit Bien pencee ⁊ Bien nourrie Bñ.

960.0 4519.0 3236.0 150.0 uestue ⁊ paree, Et pouruoire de toutes choses quelle

982.0 4629.0 3199.0 155.0 pouoit desirre, excepte de ce qui plus lui estoit neces

993.0 4739.0 3162.0 151.0 saire quelle te pouoit auoir a son plaisir, Dont

975.0 4853.0 3184.0 151.0 souuent se clamoit lasse et maleureuse, pencant a

979.0 4960.0 3209.0 144.0 soy que Iamais meilleur ne plus doulce uie naroit

971.0 5067.0 3070.0 162.0 aueq le seigneur de hantonne mausdisant qui a

986.0 5185.0 3133.0 151.0 mary le lui auoit donne Car ce nestoit mie ce qui lui

879.0 5295.0 3280.0 155.0 cõuenoit, La dame ainsi souuent pencant ⁊ ꝯme

979.0 5405.0 3106.0 207.0 tous les iours, au deduit gracieulx, se leua ꝑuint

4232.0 182.0 426.0 347.0 1
