4972 6611
1054.0 789.0 3109.0 224.0 telle trahison faire ꝯme du pe̾, Et de lenfant metis

1050.0 914.0 3234.0 224.0 a mort, Aincois uous iray acuser se de ce ne uoꝰ ⟦Repẽtez⟧

1043.0 1024.0 3127.0 228.0 Repentez, ¶ Et quant la dame entendi celuy qui

1087.0 1131.0 3153.0 227.0 telle Rp̃nce lui donna, Elle haulca le poing et lon scay

1080.0 1245.0 3101.0 220.0 sur le uisaige si que le sang en coula, puis apella

1069.0 1366.0 3131.0 205.0 deux siengs uarles aux quielx, elle cõmanda mettre

1065.0 1469.0 3175.0 205.0 en une fosse ⁊ tant batre que muire ne lui eust plus

1062.0 1571.0 3164.0 224.0 mest̾, Sy ne fault Ia enquerir quelle lui imposa ne

1065.0 1689.0 3194.0 209.0 ꝯment en cheust apres, Car elle en sceut bien ꝯuenir

1084.0 1810.0 2241.0 228.0 se la science de fẽme nest menteriesse

1469.0 1917.0 2779.0 187.0 Or fut celui en prison qui ne uoulu consentir la

1510.0 2045.0 2642.0 151.0 mauuaitie de sa dame, Et elle demoura

1502.0 2137.0 2771.0 187.0 penciue ꝯment aut̾ment se pourroit, cheuir A

1062.0 2240.0 3193.0 213.0 la mort de guion son seignr̃ quelle haioit plus que Rien

1047.0 2350.0 3179.0 206.0 uiuant pour ce quil ne lui pouoit faire son gre, Et

1087.0 2449.0 3135.0 221.0 ne lui chaloit de lenfant quelque beaulte quil eust

1050.0 2563.0 3187.0 213.0 Mais que son uouloir feust acomply, Elle sauisa lors

1073.0 2659.0 3145.0 242.0 dun Cheualier Riche assez hault ieune fort ⟦et⟧ bel et

1084.0 2772.0 3193.0 210.0 hardi en armes nõme dron, lequel estoit seigneur de

1080.0 2890.0 3175.0 224.0 mayance en alemeigne, celui dron haioit ꝑfte̾ment ⁊

1087.0 2996.0 3179.0 214.0 de long tempz auoit hay guion, pour cause qui cy apres

1102.0 3103.0 3146.0 220.0 sera en brief decleree Ainsi que son tour si adonnera

1095.0 3195.0 3090.0 224.0 Et pour ce le uoulu la dame auoir a seignr̃ par la

1095.0 3298.0 3116.0 227.0 mauuaise ⟦condicion delle⟧ nature delle, Elle apela

1036.0 3400.0 3142.0 243.0 Ung ^clerc ⟦chapelain⟧ qui assez estoit pͥue delle, Et tant bñ

1113.0 3507.0 3146.0 231.0 ẜmonna et promist de biens que Ie sacorda a faire

1028.0 3602.0 3175.0 236.0 tout son plaisir, la dame qui moult en fut Ioieuse

1098.0 3720.0 3124.0 224.0 le mercya, Et tout son fait on secret lui declaira

1106.0 3834.0 3108.0 217.0 et fist escripre pour enuoier a dron qui A mayance

1098.0 3922.0 3139.0 217.0 estoit, Et lui meesmes lentreprist, aport̾ et faire

1124.0 4047.0 3179.0 228.0 son messaige en telle maniere quelle le uoulu ꝓposer

1117.0 4139.0 3120.0 238.0 En se, parti le ^clert ⟦chapelain⟧, par le ꝯgie de la dame

1124.0 4271.0 3153.0 217.0 a qui moult tarda en auoir nouuelles, Et quant la

1113.0 4363.0 3179.0 238.0 ⟦chappelain⟧ fut arriue a maiance Il demanda le ꝯte

1128.0 4473.0 3182.0 231.0 et on lui enseigna, Dron qui estoit en son palaix

1120.0 4579.0 3223.0 217.0 auecques plusieurs chlr̃s ⁊ et gentilz hõmes allemens

1098.0 4697.0 3245.0 209.0 Receut les lettres de la dame, a quoy Il nauoit onq̃s

1150.0 4800.0 3090.0 191.0 encores pence, Uist la tene᷑  dicelles au long puis

1128.0 4892.0 3204.0 268.0 Regarda le ⟦chapelain⟧ et cõmanda quil feust serui A

1142.0 5046.0 1676.0 169.0 tout ce que mestr̃ lui seroit

1462.0 5097.0 2844.0 202.0 Moult fut Ioieux, en son couraige le Conte dron

1491.0 5211.0 2841.0 210.0 quant Il se senti ami de la dame de hantonne

1491.0 5332.0 2738.0 191.0 qui tant estoit belle ieune ⁊ plaisant que ou

1120.0 5443.0 3172.0 268.0 pais dallemeigne eust il bien failli a en trouuer
