2083 3187
232.0 336.0 921.0 134.0 D ist maroclippe. bele niece

265.0 440.0 971.0 108.0 I e naurai en cor en gnͣt piece

244.0 517.0 1188.0 106.0 B ut tout le mien. mais tout atrait

247.0 596.0 854.0 98.0 L ebuuerai apetit trait

258.0 665.0 1100.0 103.0 P our plus sus la langue croupir

255.0 740.0 889.0 88.0 E ntre .ii. boires .i. soupir

265.0 809.0 882.0 106.0 I doit on faire seulement

247.0 887.0 984.0 100.0 S i en dure plus longuement

240.0 954.0 1026.0 103.0 L a douceur en bouche ⁊ la force

354.0 1021.0 898.0 106.0 n tel point chascune sesforce

359.0 1087.0 1082.0 118.0 De garnache engloutre ⁊ tãt boire

253.0 1170.0 1149.0 103.0 Qͥ nest nus hons. qui peust croire

256.0 1246.0 992.0 101.0 C õment chascune sa tourna

258.0 1326.0 903.0 93.0 D u matin. que il aiourna

258.0 1396.0 969.0 108.0 F urent la iusqua mienuit

260.0 1471.0 967.0 103.0 E t menerent. si bon de duit

260.0 1545.0 909.0 99.0 Qͣ des orent le henap plain

271.0 1612.0 1006.0 107.0 I e ueul aler la hors au plain

269.0 1694.0 1089.0 99.0 D ist margue clippe en mi la uoie

262.0 1770.0 1080.0 99.0 T reschier. si q̃ mis ne nous uoie

256.0 1848.0 1042.0 96.0 S i en uaudra trop miex la feste

262.0 1926.0 942.0 97.0 C hascune aura nue la teste

263.0 2000.0 937.0 99.0 E t sirons empures les cors

269.0 2069.0 963.0 103.0 D ont laires ci uos uardecors

265.0 2138.0 967.0 115.0 D ist druins. de gage alescot

263.0 2225.0 868.0 101.0 S auerez en guise descot

276.0 2303.0 850.0 96.0 E scourchie pelice ⁊ cote

271.0 2383.0 936.0 117.0 E t chemise. quelle ne crote
