1984 3187
550.0 318.0 911.0 129.0 I l ifait bon. se diex mauoie

515.0 417.0 886.0 107.0 A tant se metent a la uoie

533.0 501.0 935.0 88.0 U ers la tauerne des maillez

534.0 571.0 938.0 94.0 L a uint le filz druins baillez

540.0 646.0 1010.0 92.0 U ns uarles qui uint auec eles

540.0 720.0 1079.0 94.0 P ar cui soi toutes leur nouueles

531.0 794.0 939.0 94.0 C is les serui aleur mẽgier

527.0 872.0 962.0 87.0 E t leur aporta sanz dangier

527.0 941.0 948.0 93.0 Q nͣ con pot de bon recouurer

524.0 1010.0 917.0 93.0 L a ueissiez des denz ouurer

524.0 1078.0 882.0 88.0 E t henas emplir ⁊ widier

529.0 1149.0 962.0 88.0 E n petit deure amon cuidier

526.0 1219.0 786.0 92.0 O rent .xu .ẜ. despendu

519.0 1296.0 1018.0 99.0 R iens ne mara sauour rendu

519.0 1372.0 1193.0 102.0 A cest mengier. dist margue clouue

517.0 1455.0 1141.0 92.0 S e nous nauons dune crasse oue

529.0 1531.0 999.0 92.0 E t des aus plaine. une escuele

643.0 1612.0 930.0 87.0 ors court druins par la ruele

648.0 1678.0 816.0 99.0 En lostel. ou on les cuisoit

430.0 1758.0 988.0 94.0 .II. enprist . ⁊ apres puisoit

515.0 1836.0 1118.0 93.0 D es aus. tout plain .i. gnͣt platel

519.0 1908.0 1015.0 103.0 E t a chascune .i. chaut gastel

520.0 1986.0 980.0 90.0 A porta quau quil pot haster

517.0 2066.0 799.0 81.0 Qͥ ueist chascune taster

519.0 2131.0 1052.0 94.0 C es fors aus. ⁊ celle oue crasse

517.0 2207.0 1070.0 98.0 M engie lorent en maĩs despasse

517.0 2285.0 924.0 94.0 A ssez. con ne mist au tuer

510 2358 1027 117 L ors ꝯmenca margue asuer
