2010 3187
669.0 357.0 822.0 94.0 irons treschier parmi la rue

683.0 432.0 744.0 92.0 Tant chascune a terre rue

676.0 509.0 744.0 94.0 Son corset. ⁊ son chaperon

479.0 582.0 951.0 96.0 E scourchie furent li geron

563.0 655.0 775.0 97.0 D es cotes desus lapelice

557.0 731.0 930.0 97.0 E t druins hors de luis les glice

559.0 812.0 985.0 89.0 C hantant chascune a haute uois

557.0 876.0 840.0 96.0 A mours. au uireli mẽuois

552.0 952.0 907.0 92.0 M ont parloient de leur amis

554.0 1021.0 915.0 90.0 A inssi son cors chascune amis

543.0 1094.0 818.0 90.0 H ors alabise. ⁊ au uent

547.0 1168.0 999.0 92.0 S i trebuschoient plus souuent

550.0 1242.0 955.0 92.0 C on ne peust sa maĩ tourner

548.0 1313.0 900.0 91.0 A .ii. lieues pres daiourner

552.0 1389.0 999.0 94.0 L es a druins en tel point mises

552.0 1460.0 885.0 98.0 Q̾ cotes plicons. ⁊ chemises

548.0 1533.0 1052.0 104.0 C haucemente. bourse ⁊ corroie

545.0 1621.0 1013.0 84.0 L eur toli tout. Ie quen diroie

543.0 1682.0 930.0 99.0 A inssi les lessa toutes nues

543.0 1758.0 1059.0 106.0 G isanz. au fuer. des bestes mues

552.0 1839.0 988.0 99.0 U ilment. ⁊ en diu̾s couuine

543.0 1913.0 1020.0 103.0 L une adenz. ⁊ lautre souuine

547.0 1990.0 984.0 95.0 T rebuschies en .ii. mõciaus

547.0 2073.0 984.0 87.0 P lus emboees que pourciaus

545.0 2138.0 1066.0 94.0 T out en tel point druins les lait

543.0 2213.0 964.0 99.0 O u boier plus gnͣt ⁊ plus lait

541.0 2289.0 757.0 97.0 Qͥ fust en toute la cite

543.0 2374.0 909.0 117.0 L a uirent a ml̾t gnͣt uilte
