6404 4936
809.0 348.0 853.0 181.0 Ne ky seruist sun seygnur

800.0 452.0 889.0 140.0 Tut uirs out si grͣnt honur

792.0 512.0 870.0 151.0 il aueyt qns en tote la tere

787.0 586.0 853.0 154.0 ke osat sun scygnͣ mesfere

770.0 663.0 834.0 132.0 Si ꝑ crui tost nel dresrat

781.0 737.0 848.0 126.0 ke tost sour luy neu alat

781.0 800.0 897.0 140.0 E keil nel preyt tout a forte

789.0 861.0 829.0 128.0 pur aler delies en estore

770.0 929.0 845.0 148.0 Tute la tere sun seygnur

767.0 1003.0 829.0 137.0 Garda od sy grnͣt honur

756.0 1072.0 799.0 131.0 E fet il auoyt tele pays

737.0 1129.0 1012.0 154.0 Si home portat deargẽt son fers.

754.0 1206.0 990.0 143.0 r e troucroyt robour ny larcin;

748.0 1261.0 990.0 151.0 ke luy tollit uaylant une botõ

732.0 1349.0 990.0 131.0 Sequerrt li senechal ert nome;

737.0 1412.0 960.0 123.0 Ben doyt tel home estre pͬyse.

735.0 1469.0 883.0 126.0 Leqns prus e bous estoyt .

735.0 1541.0 872.0 118.0 Tut dis tant kyl uiuoyt

732.0 1601.0 976.0 140.0 D e meylour senescal noy ꝑler

737.0 1670.0 861.0 115.0 Ne ke plus fest a p̾yser:

729.0 1735.0 938.0 126.0 I ce ce sequart un fis auoyt

721.0 1793.0 932.0 132.0 E urceys e sages ml̾t estoyt

710.0 1870.0 908.0 131.0 A tus se fesoyt ml̾t amer.

710.0 1933.0 954.0 134.0 Del seun a tous uoleyt don̾

693.0 2010.0 955.0 134.0 Le count toalt duke ẜuoyt

699.0 2073.0 952.0 129.0 ke sun natures seygn᷑ estoyt

702.0 2136.0 913.0 126.0 Li qũs lama e lauoyt cher

682.0 2210.0 980.0 131.0 Sur tus autres le put amer

696.0 2281.0 864.0 118.0 Ne sa coupe le fit seruir

688.0 2333.0 949.0 156.0 Lu sa chamber ly fist gysir

691.0 2413.0 891.0 126.0 Tant cũ fu od ly. honora.

691.0 2487.0 984.0 134.0 pur sun pere ke il tant auia.

693.0 2550.0 922.0 129.0 Guy̾ de warwike fut apele

688.0 2616.0 935.0 131.0 Lu la court ert mout hon᷑e

685.0 2698.0 927.0 112.0 Ne chuual ers e de sergans.

680.0 2761.0 886.0 121.0 ambur de petis e de grans

677.0 2827.0 910.0 120.0 Nout si petit en la mesun

677.0 2895.0 886.0 121.0 ke de luy uout riche doun

677.0 2958.0 897.0 127.0 Ne out ualet en la rogue .

671.0 3019.0 826.0 112.0 Ni e taut fut amee p̾yse

677.0 3087.0 946.0 132.0 Pur ce ke il ert beus epris;

674.0 3156.0 933.0 109.0 E de bonte sur monteyt tus

671.0 3213.0 919.0 129.0 a meruoyl lut tus egarde

666.0 3276.0 858.0 124.0 Tant ert beaus e a ligne

666.0 3348.0 900.0 123.0 uout se pena dame nature

671.0 3411.0 755.0 107.0 De fer tant bele c̾ature

660.0 3468.0 897.0 113.0 Tut bontes eu luy estoynt

660.0 3531.0 966.0 176.0 Touz de luy grͣnt ben disoynt

1917.0 441.0 809.0 178.0 Deburdure e de eskyrniyz

1906.0 551.0 932.0 140.0 De cheuals poyndre e retenyz.

1906.0 608.0 896.0 151.0 i cete Guy un niest̾ auoyt

1906.0 680.0 913.0 150.0 Le roal darderne a pele estoyt

1903.0 762.0 861.0 134.0 Curceys estoit e enseygne

1897.0 819.0 903.0 154.0 ke mout beu lad en doctrine

1892.0 896.0 710.0 107.0 E decheus e de oyseaus

1889.0 951.0 949.0 154.0 De esturs faucuns de chir faus

1875.0 1011.0 927.0 146.0 ky unke reyns luy maimda.

1870.0 1088.0 883.0 129.0 de mort bon quer lui dona.

1873.0 1154.0 949.0 143.0 a pou̾e. chuualers e aprisuns

1856.0 1212.0 801.0 128.0 Souent dona riche dons .

1878.0 1283.0 894.0 118.0 Palefreys chasurs e destreus

1878.0 1346.0 930.0 115.0 Lur dona il mout uolenters

1859.0 1406.0 889.0 129.0 Checun solum ce kyl estoyt

1843.0 1472.0 965.0 123.0 De luy mort beu uun auoyt .

1875.0 1546.0 884.0 110.0 [hur] de pentecoust auint

1906.0 1612.0 754.0 99.0 ke li qũs une fest tint

1834.0 1670.0 872.0 109.0 En warwyke la riche cete

1829.0 1724.0 976.0 140.0 ꝑ coutumie se estoyt a serable.

1829.0 1804.0 910.0 126.0 Countes e baruns iestoint

1823.0 1870.0 955.0 131.0 De mout de teres iuenoynt

1807.0 1927.0 935.0 148.0 Le dames e de damoyseles:

1810.0 2010.0 770.0 123.0 De la teres les plu beles

1807.0 2084.0 974.0 120.0 meynt pucele iretut sun dru.

1799.0 2149.0 962.0 129.0 De chuualers ke erent uenu

1799.0 2212.0 850.0 110.0 Ele chuualers lour drus

1796.0 2287.0 913.0 106.0 De pucels ke erent uenus

1799.0 2347.0 946.0 126.0 Cũ del mouster sũt repeyres

1790.0 2429.0 922.0 115.0 Lyus en la sale sũt entres

1788.0 2492.0 905.0 110.0 Luy qñs sasyt a manger

1785.0 2561.0 825.0 90.0 .G. deuant li ju uyt ester

1796.0 2624.0 913.0 109.0 Fis fut sequart le senescal

1788.0 2684.0 768.0 88.0 Ne deus gan‸ᷤ de main

1779.0 2744.0 823.0 102.0 A sey̾ lad dimkes apele

1771.0 2805.0 837.0 109.0 Si luy ad dit e comande

1771.0 2876.0 903.0 110.0 ke il en la chamber alast

1771.0 2950.0 796.0 110.0 Sa fyle felyce saluast

1771.0 3019.0 1051.0 112.0 E ke il la dens dust le uir seruir

1771.0 3079.0 935.0 99.0 ke ben luy uenge a pleyser

1760.0 3148.0 974.0 93.0 Sire dit il mout boneuient

1760.0 3202.0 988.0 113.0 Fray le uost̾ comandement

1760.0 3271.0 977.0 110.0 En la chambre il est uenu

1755.0 3334.0 979.0 110.0 de une cote desearlet uestu

1760.0 3397.0 966.0 113.0 Le mout luy auenoyt ben

1760.0 3466.0 875.0 96.0 amau der uout nil reu

1760.0 3523.0 935.0 110.0 Gent ert ebeaus ealignes

1758.0 3581.0 905.0 142.0 de pucels est ml̾t egardes.

3603.0 589.0 845.0 132.0 A genus deuant luy su syst

3603.0 699.0 971.0 96.0 Le salu sun pere tost luy dyst

3598.0 770.0 768.0 85.0 Cñ il auoyt li en ueye

3595.0 839.0 900.0 82.0 Pur luy seruyz le iour a gre

3595.0 910.0 828.0 74.0 E le dunke luy respondy.

3590.0 959.0 757.0 83.0 Seu syre la sue mercy

3595.0 1025.0 845.0 91.0 Felite ly ad pus demande

3590.0 1096.0 784.0 80.0 ky ly ert e dount fu ne

3587.0 1148.0 836.0 105.0 Fis su sequart le senescal

3581.0 1225.0 914.0 104.0 ke ur̃e pere cyme e tent leal

3570.0 1297.0 905.0 85.0 Si me ad en sa court murti

3584.0 1351.0 976.0 121.0 G rnͣt ben moy ad fet la sue m̾ci

3573.0 1412.0 834.0 109.0 E stu fet cle le fys sequart

3562.0 1497.0 908.0 98.0 Se dyent ke il est de bon part

3565.0 1560.0 801.0 96.0 Dunke ẽ lews de mande

3565.0 1612.0 905.0 112.0 La pucele ad se moyns loue

3557.0 1680.0 737.0 88.0 .G. se peyna de bel seruyz

3559.0 1744.0 799.0 104.0 La pucele ben e pleysy̾r.

3565.0 1809.0 883.0 105.0 En bele ẜuise mist sa entẽt

3568.0 1883.0 861.0 88.0 Puceles ierent plu detrẽt

3568.0 1957.0 762.0 83.0 ke tus a guy a cele iut

3559.0 1993.0 856.0 113.0 Turnerũt uers ly lur am᷑

3559.0 2086.0 809.0 85.0 Mes il de ce cure nauoyt .

3557.0 2138.0 872.0 118.0 kar autre am᷑ lỹ ꝯstrenoyt

3551.0 2218.0 881.0 110.0 Felite la bele od le cler uys

3546.0 2281.0 869.0 104.0 en sa amur est .G. suppris

3546.0 2350.0 847.0 98.0 Le il ne set fere a mil uir

3546.0 2410.0 872.0 107.0 Tant est suppris deainur

3546.0 2470.0 954.0 121.0 De l̾orc suspire e pense souẽt

3537.0 2539.0 1015.0 145.0 kant ueyt sun uys e sũ cors gẽt

3546.0 2616.0 784.0 115.0 Merueyle sey ademesure

3535.0 2679.0 688.0 93.0 De tant bele creature

3529.0 2736.0 944.0 124.0 Ne ly nose rien de am᷑ mustrer

3521.0 2816.0 889.0 104.0 A peyn   la ose a garder.

3518.0 2882.0 875.0 115.0 ke nul aparceyuer le dust .

3518.0 2942.0 878.0 123.0 Dũc pense coment il ‸ͥ  puse

3496.0 3008.0 883.0 120.0 Mes ore se uodreit il teyser

3507.0 3071.0 1004.0 140.0 A mile sie se uodroy escouerer

3502.0 3145.0 790.0 107.0 A puceles sen est ore ale

3491.0 3213.0 965.0 113.0 Sun ẜuise lur ad abandone

3496.0 3268.0 914.0 118.0 C unge de ews dunke prist

3491.0 3342.0 921.0 115.0 A tant de la chambre sen ist

3491.0 3408.0 710.0 104.0 a sun ostel e repayre

3488.0 3466.0 664.0 115.0 Tut dolurs e adole

3491.0 3529.0 899.0 126.0 Dũc ly de mandẽt sa gent

3474.0 3584.0 856.0 134.0 Pur quey il est si dolent

3485.0 3655.0 741.0 104.0 Ely lour ad respondeu

3477.0 3696.0 850.0 167.0 ke tel mal est a luy uenu

4733.0 627.0 831.0 124.0 uunt il quide ben moryr

4731.0 721.0 970.0 115.0 A nule uir mes ne quide garrir

4733.0 795.0 911.0 90.0 E u la court est mout pleint

4725.0 858.0 946.0 96.0 De ly pleindre nule ne se feint

4731.0 921.0 831.0 90.0 Purce ke il les soleyt ẜuir

4736.0 992.0 913.0 82.0 e souent les beus ostels tenir

4769.0 1044.0 776.0 91.0 re est .G. en grͣnt errour.

4725.0 1110.0 943.0 110.0 suspire en pense ke fradam᷑

4722.0 1176.0 785.0 101.0 Dunt il est si mal mene

4709.0 1258.0 943.0 96.0 Souent fet yl cheytifs clame

4717.0 1327.0 951.0 101.0 ke fray ie las tant suy cheitif

4717.0 1393.0 979.0 109.0 Tant mad ueu felice o lecler uis

4709.0 1458.0 965.0 102.0 A luy ne ose mustrer ma dolur

4714.0 1519.0 806.0 109.0 ke pur luy ay nut e iur

4714.0 1595.0 894.0 91.0 Ne iames ne luy moust̾ey

4722.0 1661.0 911.0 102.0 Ice fere coniet fere uos erey

4711.0 1719.0 944.0 115.0 Dunc nest ele file a mũ seygn᷑

4709.0 1776.0 863.0 118.0 A ky dey porter fey e lotuir.

4709.0 1851.0 814.0 109.0 Si ieo le amas e il le sust

4711.0 1908.0 971.0 126.0 sil me puis a teyudre me pust

4706.0 1977.0 831.0 115.0 arder me freyt ou de colee

4709.0 2048.0 976.0 129.0 Pendre me freyt uen mer ueyz

4706.0 2111.0 792.0 110.0 E ie las duniy que fray.

4698.0 2191.0 957.0 120.0 Cely eyme ke iames naueray.

4695.0 2262.0 817.0 107.0 Ore est .G. en tel anguisse.

4692.0 2317.0 823.0 120.0 ke il ne set ke fere pusse .

4689.0 2393.0 925.0 113.0 beyue ne put ne manger

4692.0 2465.0 848.0 101.0 Nul ne se put me cõforter .

4687.0 2533.0 916.0 110.0 Eu sun corage ad purpensee .

4678.0 2602.0 889.0 110.0 ke nul ne sace ky soyt nee.

4681.0 2673.0 902.0 104.0 meus uodroy fet il langiler.

4676.0 2733.0 814.0 105.0 O ches mestoyse ici morer.

4673.0 2791.0 875.0 118.0 ke ly quẽs occyr me frayt.

4676.0 2851.0 814.0 118.0 Ueu sa chartre me meyt .

4667.0 2912.0 774.0 120.0 Tele demene .G. sa uye.

4662.0 2986.0 806.0 118.0 Debes la fest soyt partye .

4665.0 3060.0 792.0 110.0 Pus sen est il pur pense.

4656.0 3137.0 812.0 101.0 ke fray tant su malure

4654.0 3202.0 798.0 99.0 Se dolurs nen ay respos .

4648.0 3260.0 856.0 104.0 y a dolur monstrer nenos.

4635.0 3315.0 937.0 121.0 a mur moy fest a uamt aler

4635.0 3386.0 992.0 129.0 Uoylu nun mestoyt moustrer.

4626.0 3455.0 850.0 118.0 La dolur e la greue peyne

4624.0 3529.0 872.0 101.0 ke tus iuͬs si me demeyne

4626.0 3592.0 944.0 118.0 De ma dolur ne luy est mys

4618.0 3652.0 817.0 93.0 ꝑ ky chant ore de mauye .

4621.0 3712.0 905.0 107.0 Nele tray mes pur mil ren .

4615.0 3767.0 864.0 146.0 a uenge moy mal ou ben.

5729.0 440.0 189.0 230.0 2
