<alto xmlns:xsi="http://www.w3.org/2001/XMLSchema-instance" xmlns="http://www.loc.gov/standards/alto/ns-v4#" xsi:schemaLocation="http://www.loc.gov/standards/alto/ns-v4# http://www.loc.gov/standards/alto/v4/alto-4-2.xsd">
  <Description>
    <MeasurementUnit>pixel</MeasurementUnit>
    <sourceImageInformation>
      <fileName>btv1b52510692j_f15.jpg</fileName>
      
    </sourceImageInformation>
  </Description>
  
  <Tags>
    <OtherTag ID="BT1" LABEL="Title" DESCRIPTION="block type Title"/><OtherTag ID="BT2" LABEL="Main" DESCRIPTION="block type Main"/><OtherTag ID="BT3" LABEL="Commentary" DESCRIPTION="block type Commentary"/><OtherTag ID="BT4" LABEL="Illustration" DESCRIPTION="block type Illustration"/><OtherTag ID="BT5600" LABEL="TableZone" DESCRIPTION="block type TableZone"/><OtherTag ID="BT5601" LABEL="TitlePageZone" DESCRIPTION="block type TitlePageZone"/><OtherTag ID="BT5588" LABEL="DamageZone" DESCRIPTION="block type DamageZone"/><OtherTag ID="BT5589" LABEL="DecorationZone" DESCRIPTION="block type DecorationZone"/><OtherTag ID="BT5590" LABEL="DigitizationArtefactZone" DESCRIPTION="block type DigitizationArtefactZone"/><OtherTag ID="BT5591" LABEL="DropCapitalZone" DESCRIPTION="block type DropCapitalZone"/><OtherTag ID="BT5592" LABEL="MainZone" DESCRIPTION="block type MainZone"/><OtherTag ID="BT5593" LABEL="MarginTextZone" DESCRIPTION="block type MarginTextZone"/><OtherTag ID="BT5594" LABEL="MusicZone" DESCRIPTION="block type MusicZone"/><OtherTag ID="BT5595" LABEL="NumberingZone" DESCRIPTION="block type NumberingZone"/><OtherTag ID="BT5596" LABEL="QuireMarksZone" DESCRIPTION="block type QuireMarksZone"/><OtherTag ID="BT5597" LABEL="RunningTitleZone" DESCRIPTION="block type RunningTitleZone"/><OtherTag ID="BT5598" LABEL="SealZone" DESCRIPTION="block type SealZone"/><OtherTag ID="BT5599" LABEL="StampZone" DESCRIPTION="block type StampZone"/>
    <OtherTag ID="LT1" LABEL="Main" DESCRIPTION="line type Main"/><OtherTag ID="LT2" LABEL="Numbering" DESCRIPTION="line type Numbering"/><OtherTag ID="LT3" LABEL="Correction" DESCRIPTION="line type Correction"/><OtherTag ID="LT1924" LABEL="DropCapitalLine" DESCRIPTION="line type DropCapitalLine"/><OtherTag ID="LT1923" LABEL="DefaultLine" DESCRIPTION="line type DefaultLine"/><OtherTag ID="LT1925" LABEL="HeadingLine" DESCRIPTION="line type HeadingLine"/><OtherTag ID="LT1926" LABEL="InterlinearLine" DESCRIPTION="line type InterlinearLine"/><OtherTag ID="LT4" LABEL="Signature" DESCRIPTION="line type Signature"/>
  </Tags>
  
  <Layout>
    <Page WIDTH="3205" HEIGHT="4369" PHYSICAL_IMG_NR="0" ID="eSc_dummypage_">
      <PrintSpace HPOS="0" VPOS="0" WIDTH="3205" HEIGHT="4369">
        
        <TextBlock HPOS="194.0" VPOS="176.0" WIDTH="1182.0" HEIGHT="3472.0" ID="eSc_textblock_5e32a7ba" TAGREFS="BT5592">
          <Shape><Polygon POINTS="1265 205 1320 466 1269 533 1298 621 1298 1084 1357 1339 1347 1958 1376 2048 1357 2317 1298 2514 1318 3502 1269 3628 1201 3648 291 3628 262 3398 213 3366 194 3269 233 1203 252 1155 378 1116 939 1077 990 774 898 176 1089 197"/></Shape>
          
          
          <TextLine ID="eSc_line_bce25260" TAGREFS="LT1923" BASELINE="961 296 1250 279" HPOS="956.0" VPOS="213.0" WIDTH="294.0" HEIGHT="117.0">
            <Shape><Polygon POINTS="961 296 966 330 993 313 1070 317 1124 320 1126 320 1248 296 1250 279 1245 223 1114 213 1112 213 956 240 961 296"/></Shape>
	    <String CONTENT="ielle chan" HPOS="956.0" VPOS="213.0" WIDTH="294.0" HEIGHT="117.0" WC="0.987908393144608"/>
          </TextLine>

          
          
          <TextLine ID="eSc_line_54583413" TAGREFS="LT1923" BASELINE="963 390 1265 373" HPOS="959.0" VPOS="300.0" WIDTH="306.0" HEIGHT="117.0">
            <Shape><Polygon POINTS="963 390 963 417 1136 393 1262 400 1265 373 1255 300 1075 325 1046 322 995 315 993 315 990 315 959 327 963 390"/></Shape>
	    <String CONTENT="con uoire" HPOS="959.0" VPOS="300.0" WIDTH="306.0" HEIGHT="117.0"/>
          </TextLine>

          
          
          <TextLine ID="eSc_line_c7d1c65f" TAGREFS="LT1923" BASELINE="968 487 1282 466" HPOS="961.0" VPOS="385.0" WIDTH="321.0" HEIGHT="134.0">
            <Shape><Polygon POINTS="968 487 968 519 1279 483 1282 466 1272 385 1194 390 1192 390 1189 390 1189 393 1187 393 1172 412 961 417 968 487"/></Shape>
	    <String CONTENT="plaist uoꝰ" HPOS="961.0" VPOS="385.0" WIDTH="321.0" HEIGHT="134.0"/>
          </TextLine>

          
          
          <TextLine ID="eSc_line_776ec638" TAGREFS="LT1923" BASELINE="973 572 1126 563" HPOS="966.0" VPOS="485.0" WIDTH="160.0" HEIGHT="102.0">
            <Shape><Polygon POINTS="973 572 973 587 1124 572 1126 563 1119 500 1046 485 1044 485 1041 485 966 509 973 572"/></Shape>
	    <String CONTENT="oir" HPOS="966.0" VPOS="485.0" WIDTH="160.0" HEIGHT="102.0" WC="0.995941122372945"/>
          </TextLine>

          
          
          <TextLine ID="eSc_line_4ff88e55" TAGREFS="LT1923" BASELINE="956 660 1255 643" HPOS="951.0" VPOS="567.0" WIDTH="304.0" HEIGHT="122.0">
            <Shape><Polygon POINTS="956 660 956 689 1255 665 1255 643 1245 572 1177 582 1141 575 1104 567 1102 567 1099 567 1082 577 1058 589 951 582 956 660"/></Shape>
	    <String CONTENT="De gnͣt es" HPOS="951.0" VPOS="567.0" WIDTH="304.0" HEIGHT="122.0"/>
          </TextLine>

          
          
          <TextLine ID="eSc_line_f53341fd" TAGREFS="LT1923" BASELINE="963 737 1272 725" HPOS="959.0" VPOS="657.0" WIDTH="313.0" HEIGHT="107.0">
            <Shape><Polygon POINTS="963 737 963 764 1269 740 1272 725 1265 657 959 674 963 737"/></Shape>
	    <String CONTENT="toire et de" HPOS="959.0" VPOS="657.0" WIDTH="313.0" HEIGHT="107.0"/>
          </TextLine>

          
          
          <TextLine ID="eSc_line_e9814071" TAGREFS="LT1923" BASELINE="966 825 1257 820" HPOS="963.0" VPOS="747.0" WIDTH="294.0" HEIGHT="109.0">
            <Shape><Polygon POINTS="966 825 966 842 1068 856 1070 856 1073 856 1075 856 1090 842 1257 832 1257 820 1255 767 1221 747 1218 747 1216 747 1121 747 1119 747 1116 747 1114 747 1114 750 1095 769 1058 759 1056 759 1053 759 963 771 966 825"/></Shape>
	    <String CONTENT="merueil" HPOS="963.0" VPOS="747.0" WIDTH="294.0" HEIGHT="109.0"/>
          </TextLine>

          
          
          <TextLine ID="eSc_line_482fc59f" TAGREFS="LT1923" BASELINE="956 915 1262 902" HPOS="954.0" VPOS="834.0" WIDTH="308.0" HEIGHT="105.0">
            <Shape><Polygon POINTS="956 915 956 932 1082 927 1114 934 1133 939 1136 939 1138 939 1141 939 1160 934 1201 922 1260 932 1262 902 1255 834 954 856 956 915"/></Shape>
	    <String CONTENT="leuz pris" HPOS="954.0" VPOS="834.0" WIDTH="308.0" HEIGHT="105.0"/>
          </TextLine>

          
          
          <TextLine ID="eSc_line_33200aac" TAGREFS="LT1923" BASELINE="963 992 1274 985" HPOS="961.0" VPOS="915.0" WIDTH="313.0" HEIGHT="106.0">
            <Shape><Polygon POINTS="963 992 963 1021 1080 1007 1114 1019 1116 1019 1119 1019 1121 1019 1124 1019 1141 1007 1269 1017 1274 985 1267 917 1126 929 1114 927 1078 915 1075 915 1073 915 1070 915 1068 915 1068 917 1065 917 1056 929 1053 932 1044 929 973 919 971 919 968 919 966 919 966 922 963 922 961 924 963 992"/></Shape>
	    <String CONTENT="Si com li" HPOS="961.0" VPOS="915.0" WIDTH="313.0" HEIGHT="106.0"/>
          </TextLine>

          
          
          <TextLine ID="eSc_line_aca2c45f" TAGREFS="LT1923" BASELINE="978 1070 1228 1070" HPOS="978.0" VPOS="1007.0" WIDTH="250.0" HEIGHT="107.0">
            <Shape><Polygon POINTS="978 1070 978 1114 1228 1089 1228 1070 1228 1007 978 1007 978 1070"/></Shape>
	    <String CONTENT="hongre" HPOS="978.0" VPOS="1007.0" WIDTH="250.0" HEIGHT="107.0" WC="0.999643494685491"/>
          </TextLine>

          
          
          <TextLine ID="eSc_line_b111bc03" TAGREFS="LT1923" BASELINE="257 1184 988 1145" HPOS="252.0" VPOS="1084.0" WIDTH="736.0" HEIGHT="122.0">
            <Shape><Polygon POINTS="257 1184 257 1203 483 1206 485 1206 665 1182 672 1182 677 1182 844 1186 847 1186 849 1186 852 1186 852 1184 854 1184 866 1169 869 1169 927 1182 929 1182 932 1182 988 1162 988 1145 978 1084 252 1131 257 1184"/></Shape>
	    <String CONTENT="U indrent en cest pais" HPOS="252.0" VPOS="1084.0" WIDTH="736.0" HEIGHT="122.0"/>
          </TextLine>

          
          
          <TextLine ID="eSc_line_2ed4a273" TAGREFS="LT1923" BASELINE="245 1264 1279 1223" HPOS="242.0" VPOS="1148.0" WIDTH="1037.0" HEIGHT="143.0">
            <Shape><Polygon POINTS="245 1264 245 1279 335 1279 361 1291 364 1291 366 1291 592 1269 621 1279 624 1279 626 1279 628 1279 631 1279 645 1269 655 1276 655 1279 657 1279 660 1279 662 1279 830 1262 842 1271 844 1271 847 1271 849 1271 925 1254 927 1254 1201 1257 1204 1257 1279 1237 1279 1223 1265 1155 1248 1169 1223 1157 1206 1148 1204 1148 1201 1148 1199 1148 1153 1160 1126 1167 1097 1165 1027 1155 1024 1155 1022 1155 1019 1155 995 1169 985 1177 978 1169 961 1157 959 1157 956 1157 954 1157 883 1160 881 1160 878 1160 878 1162 864 1177 852 1189 806 1182 721 1167 718 1167 716 1167 713 1167 713 1169 691 1186 687 1191 684 1189 677 1182 674 1182 672 1182 670 1182 667 1182 641 1191 614 1199 594 1194 529 1174 526 1174 524 1174 522 1174 519 1174 519 1177 492 1199 488 1203 475 1201 432 1191 429 1191 427 1191 403 1206 393 1211 242 1213 245 1264"/></Shape>
	    <String CONTENT="⁊ com il out tout malemẽt lesdi" HPOS="242.0" VPOS="1148.0" WIDTH="1037.0" HEIGHT="143.0"/>
          </TextLine>

          
          
          <TextLine ID="eSc_line_e6e9ad32" TAGREFS="LT1923" BASELINE="250 1347 1298 1313" HPOS="245.0" VPOS="1242.0" WIDTH="1053.0" HEIGHT="126.0">
            <Shape><Polygon POINTS="250 1347 250 1368 1296 1327 1298 1313 1291 1250 1112 1257 1092 1252 1051 1242 1048 1242 1046 1242 1044 1242 1014 1254 997 1262 915 1257 791 1250 789 1250 786 1250 747 1262 711 1271 643 1264 604 1259 602 1259 599 1259 582 1264 548 1279 475 1279 461 1267 456 1264 456 1262 454 1262 451 1262 449 1262 245 1271 250 1347"/></Shape>
	    <String CONTENT="L es homes mors ⁊ ars tot le pais" HPOS="245.0" VPOS="1242.0" WIDTH="1053.0" HEIGHT="126.0"/>
          </TextLine>

          
          
          <TextLine ID="eSc_line_da588065" TAGREFS="LT1923" BASELINE="225 1424 1335 1385" HPOS="223.0" VPOS="1320.0" WIDTH="1112.0" HEIGHT="129.0">
            <Shape><Polygon POINTS="1109 1320 1107 1320 1104 1320 1070 1332 920 1325 900 1327 898 1327 840 1344 827 1347 818 1344 762 1330 755 1332 742 1332 723 1347 633 1339 631 1339 628 1339 626 1339 607 1354 604 1354 587 1339 585 1339 582 1339 580 1339 577 1339 526 1354 507 1339 505 1339 502 1339 500 1339 497 1339 422 1359 361 1349 359 1349 356 1349 354 1349 335 1366 330 1368 223 1368 225 1424 225 1434 281 1449 284 1449 286 1449 288 1449 310 1432 313 1432 354 1444 356 1444 359 1444 500 1427 519 1424 524 1424 568 1439 570 1439 573 1439 723 1419 774 1432 776 1432 779 1432 781 1432 815 1415 820 1412 1095 1405 1099 1407 1116 1419 1119 1419 1121 1419 1124 1419 1332 1398 1335 1385 1330 1325 1197 1320 1194 1320 1192 1320 1167 1330 1153 1337 1138 1332 1112 1320 1109 1320"/></Shape>
	    <String CONTENT="A ssistrent rains et assistrent paris" HPOS="223.0" VPOS="1320.0" WIDTH="1112.0" HEIGHT="129.0"/>
          </TextLine>

          
          
          <TextLine ID="eSc_line_f996f27d" TAGREFS="LT1923" BASELINE="237 1502 1250 1466" HPOS="233.0" VPOS="1395.0" WIDTH="1017.0" HEIGHT="134.0">
            <Shape><Polygon POINTS="1085 1395 1082 1395 1080 1395 1078 1395 1075 1395 1058 1410 1041 1398 1039 1398 1036 1398 1034 1398 922 1412 852 1402 840 1405 830 1405 779 1422 764 1427 752 1424 713 1412 711 1412 708 1412 706 1412 704 1412 704 1415 691 1427 689 1429 684 1427 662 1417 660 1417 657 1417 597 1429 590 1432 587 1432 577 1422 577 1419 575 1419 573 1419 570 1419 568 1419 514 1434 502 1436 492 1434 441 1417 427 1419 422 1419 364 1439 356 1444 233 1444 237 1502 237 1529 441 1507 536 1514 568 1517 570 1517 573 1517 575 1517 575 1514 577 1514 577 1512 585 1504 594 1512 597 1514 599 1514 602 1514 604 1514 701 1512 740 1504 786 1495 808 1502 827 1507 830 1507 832 1507 835 1507 837 1507 847 1500 854 1492 874 1497 895 1504 898 1504 900 1504 903 1504 922 1495 934 1490 966 1492 1010 1497 1012 1497 1092 1487 1126 1483 1136 1485 1177 1495 1180 1495 1182 1495 1184 1495 1250 1478 1250 1466 1243 1405 1112 1415 1104 1410 1087 1395 1085 1395"/></Shape>
	    <String CONTENT="⁊ saĩs nichaise de rains ifu occis" HPOS="233.0" VPOS="1395.0" WIDTH="1017.0" HEIGHT="134.0"/>
          </TextLine>

          
          
          <TextLine ID="eSc_line_e41a1c6e" TAGREFS="LT1923" BASELINE="230 1570 1313 1538" HPOS="228.0" VPOS="1470.0" WIDTH="1085.0" HEIGHT="127.0">
            <Shape><Polygon POINTS="1143 1470 1141 1470 1017 1490 980 1475 968 1475 917 1495 900 1480 883 1480 859 1480 835 1483 810 1483 808 1483 806 1483 781 1502 638 1490 636 1490 633 1490 607 1500 587 1490 570 1490 556 1507 522 1507 490 1495 471 1495 463 1495 444 1512 371 1497 364 1497 330 1517 228 1519 230 1570 230 1582 386 1597 388 1597 478 1577 480 1577 570 1589 573 1589 769 1572 806 1584 808 1584 810 1584 942 1565 1058 1577 1061 1577 1182 1558 1184 1558 1277 1570 1279 1570 1282 1570 1313 1553 1313 1538 1308 1490 1194 1490 1146 1470 1143 1470"/></Shape>
	    <String CONTENT="⁊ Saĩs morises de chambloi la forcit" HPOS="228.0" VPOS="1470.0" WIDTH="1085.0" HEIGHT="127.0"/>
          </TextLine>

          
          
          <TextLine ID="eSc_line_25e9be0b" TAGREFS="LT1923" BASELINE="223 1652 1279 1621" HPOS="218.0" VPOS="1548.0" WIDTH="1061.0" HEIGHT="129.0">
            <Shape><Polygon POINTS="694 1558 691 1558 679 1563 648 1580 609 1565 607 1565 604 1565 597 1565 458 1584 400 1570 398 1570 395 1570 393 1570 354 1589 218 1572 223 1652 223 1677 1279 1648 1279 1621 1274 1555 1114 1548 1112 1548 1109 1548 1107 1548 1097 1558 1082 1570 1014 1570 997 1558 985 1550 983 1550 980 1550 978 1550 976 1550 973 1550 973 1553 966 1560 956 1567 944 1560 934 1553 932 1553 929 1553 927 1553 869 1560 798 1570 740 1563 696 1558 694 1558"/></Shape>
	    <String CONTENT=".I. gnͣt seig̃neur si cõ la chancõ dit" HPOS="218.0" VPOS="1548.0" WIDTH="1061.0" HEIGHT="129.0"/>
          </TextLine>

          
          
          <TextLine ID="eSc_line_0fe370ac" TAGREFS="LT1923" BASELINE="228 1735 1371 1711" HPOS="225.0" VPOS="1635.0" WIDTH="1146.0" HEIGHT="134.0">
            <Shape><Polygon POINTS="228 1735 228 1764 398 1752 451 1759 539 1769 541 1769 543 1769 546 1769 565 1754 573 1750 580 1754 604 1767 607 1767 609 1769 684 1769 684 1767 687 1767 689 1767 711 1750 716 1747 725 1750 772 1762 774 1762 776 1762 881 1745 915 1740 954 1742 1138 1757 1141 1757 1143 1757 1211 1735 1274 1752 1277 1752 1279 1752 1282 1752 1284 1752 1284 1750 1306 1730 1371 1728 1371 1711 1366 1655 1272 1635 1269 1635 1267 1635 1231 1655 1223 1660 1155 1660 1146 1655 1114 1640 1112 1640 1109 1640 1044 1655 1014 1662 968 1657 886 1645 883 1645 881 1645 878 1645 864 1657 854 1665 835 1657 806 1648 803 1648 801 1648 619 1650 616 1650 614 1650 602 1660 580 1672 437 1660 398 1657 395 1657 393 1657 390 1657 390 1660 388 1660 373 1677 305 1677 225 1662 228 1735"/></Shape>
	    <String CONTENT="E n sa ꝯpaigne de cheualiers .uii. mil" HPOS="225.0" VPOS="1635.0" WIDTH="1146.0" HEIGHT="134.0"/>
          </TextLine>

          
          
          <TextLine ID="eSc_line_aef9baaf" TAGREFS="LT1923" BASELINE="223 1822 1238 1805" HPOS="220.0" VPOS="1730.0" WIDTH="1018.0" HEIGHT="119.0">
            <Shape><Polygon POINTS="223 1822 223 1842 655 1849 657 1849 660 1849 679 1842 718 1827 791 1837 793 1837 1010 1822 1053 1837 1056 1837 1058 1837 1061 1837 1116 1820 1235 1839 1238 1805 1233 1745 1075 1730 1073 1730 1070 1730 1068 1730 1068 1733 1053 1745 1048 1750 898 1750 874 1745 842 1735 840 1735 837 1735 835 1735 803 1745 769 1752 730 1745 699 1737 696 1737 694 1737 691 1737 684 1745 670 1752 594 1745 556 1740 553 1740 551 1740 548 1740 543 1745 522 1757 451 1757 432 1745 432 1742 429 1742 427 1742 424 1742 422 1742 417 1745 373 1757 220 1745 223 1822"/></Shape>
	    <String CONTENT="A icel ior furent uerai martir" HPOS="220.0" VPOS="1730.0" WIDTH="1018.0" HEIGHT="119.0"/>
          </TextLine>

          
          
          <TextLine ID="eSc_line_e5daef7d" TAGREFS="LT1923" BASELINE="252 1910 1274 1878" HPOS="250.0" VPOS="1810.0" WIDTH="1024.0" HEIGHT="129.0">
            <Shape><Polygon POINTS="252 1939 332 1922 388 1934 405 1936 407 1936 432 1932 490 1919 531 1927 558 1932 560 1932 563 1932 565 1932 565 1929 570 1927 582 1915 611 1924 633 1929 636 1929 638 1929 641 1929 643 1929 643 1927 650 1922 660 1912 691 1919 718 1927 721 1927 723 1927 725 1927 728 1927 738 1917 742 1912 750 1917 764 1924 767 1924 769 1924 772 1924 774 1924 774 1922 781 1917 786 1912 810 1915 869 1922 871 1922 874 1922 910 1910 929 1905 980 1907 1114 1915 1116 1915 1119 1915 1121 1915 1136 1900 1138 1898 1274 1893 1274 1878 1269 1825 1175 1810 1172 1810 1170 1810 1116 1825 1109 1827 1102 1827 1036 1813 1034 1813 937 1830 925 1830 920 1830 891 1817 888 1817 886 1817 883 1817 881 1817 881 1820 878 1820 871 1830 866 1834 847 1830 801 1820 798 1820 713 1832 638 1844 298 1851 250 1839 252 1910 252 1939"/></Shape>
	    <String CONTENT="I ci ꝯmence la chancons auenir" HPOS="250.0" VPOS="1810.0" WIDTH="1024.0" HEIGHT="129.0" WC="0.96917709906896"/>
          </TextLine>

          
          
          <TextLine ID="eSc_line_de6f3432" TAGREFS="LT1923" BASELINE="223 1980 1226 1966" HPOS="220.0" VPOS="1898.0" WIDTH="1006.0" HEIGHT="116.0">
            <Shape><Polygon POINTS="223 1980 225 2009 279 1995 344 2007 383 2014 386 2014 388 2014 405 2007 434 1992 458 2004 475 2012 478 2012 480 2014 553 2014 553 2012 674 2009 677 2009 701 2000 725 1987 745 1997 762 2007 764 2007 767 2007 769 2007 791 1997 810 1987 840 1995 883 2007 886 2007 888 2007 891 2007 893 2007 912 1995 927 1985 985 1992 1031 1997 1034 1997 1226 1985 1226 1966 1218 1910 1136 1915 1116 1910 1056 1898 1053 1898 1051 1898 995 1915 980 1917 966 1915 917 1900 915 1900 912 1900 759 1902 757 1902 723 1919 716 1922 706 1919 648 1905 645 1905 643 1905 570 1922 568 1922 468 1907 466 1907 463 1907 461 1907 444 1924 220 1929 223 1980"/></Shape>
	    <String CONTENT="M out seroit bõne qͥ la porroit oir̃" HPOS="220.0" VPOS="1898.0" WIDTH="1006.0" HEIGHT="116.0"/>
          </TextLine>

          
          
          <TextLine ID="eSc_line_41b8cc93" TAGREFS="LT1923" BASELINE="216 2067 1388 2043" HPOS="213.0" VPOS="1961.0" WIDTH="1175.0" HEIGHT="138.0">
            <Shape><Polygon POINTS="1129 1968 1126 1968 1119 1970 1099 1980 1073 1973 1056 1968 1041 1968 1039 1973 1027 1985 993 1975 978 1973 976 1973 973 1973 939 1978 847 1995 798 1985 786 1983 784 1983 781 1983 772 1985 738 1997 670 1990 645 1987 643 1987 641 1987 638 1987 636 1990 624 2000 534 1995 417 1990 415 1990 303 2004 284 2007 281 2007 257 1987 254 1987 252 1987 250 1987 247 1987 213 2004 216 2067 218 2097 264 2084 303 2097 318 2099 320 2099 322 2099 490 2097 492 2097 514 2092 568 2077 633 2087 660 2092 662 2092 665 2092 682 2087 725 2075 767 2084 798 2092 801 2092 849 2082 920 2070 959 2080 980 2087 983 2087 985 2089 1034 2089 1034 2087 1036 2087 1039 2087 1048 2080 1063 2067 1082 2077 1095 2084 1097 2084 1099 2084 1143 2077 1204 2065 1257 2075 1296 2080 1298 2080 1388 2070 1388 2043 1381 1961 1216 1975 1153 1970 1131 1968 1129 1968"/></Shape>
	    <String CONTENT="C harles martiax ne la pot pas soffrꝰ" HPOS="213.0" VPOS="1961.0" WIDTH="1175.0" HEIGHT="138.0"/>
          </TextLine>

          
          
          <TextLine ID="eSc_line_d0928181" TAGREFS="LT1923" BASELINE="208 2152 1340 2133" HPOS="206.0" VPOS="2060.0" WIDTH="1134.0" HEIGHT="124.0">
            <Shape><Polygon POINTS="208 2152 208 2182 274 2172 330 2182 344 2184 347 2184 349 2184 359 2182 393 2172 534 2177 597 2179 599 2179 602 2179 609 2177 633 2165 716 2174 757 2177 759 2177 835 2169 954 2160 1340 2160 1340 2133 1332 2060 1255 2075 1209 2060 1204 2060 1201 2060 1199 2060 1189 2060 1116 2077 1051 2063 1041 2063 1039 2063 1036 2063 1034 2063 995 2080 903 2065 893 2065 891 2065 888 2065 886 2065 854 2080 779 2067 772 2067 769 2067 767 2067 764 2067 764 2070 745 2084 495 2077 492 2077 325 2092 206 2077 208 2152"/></Shape>
	    <String CONTENT="L aissa ses homes sest formẽt apouriz" HPOS="206.0" VPOS="2060.0" WIDTH="1134.0" HEIGHT="124.0"/>
          </TextLine>

          
          
          <TextLine ID="eSc_line_24111d41" TAGREFS="LT1923" BASELINE="223 2230 1311 2206" HPOS="220.0" VPOS="2140.0" WIDTH="1091.0" HEIGHT="112.0">
            <Shape><Polygon POINTS="223 2230 223 2250 764 2252 767 2252 769 2252 808 2237 813 2235 818 2235 861 2250 864 2250 866 2250 869 2250 922 2235 1090 2245 1092 2245 1095 2245 1097 2245 1097 2242 1099 2242 1107 2230 1308 2223 1311 2206 1301 2140 1267 2155 1211 2143 1199 2140 1197 2140 1158 2143 976 2162 815 2152 779 2150 776 2150 774 2150 762 2152 704 2167 220 2167 223 2230"/></Shape>
	    <String CONTENT="⁊ ap̾s armez tant ꝯ pooit soffrir" HPOS="220.0" VPOS="2140.0" WIDTH="1091.0" HEIGHT="112.0"/>
          </TextLine>

          
          
          <TextLine ID="eSc_line_392effbf" TAGREFS="LT1923" BASELINE="216 2308 1252 2286" HPOS="213.0" VPOS="2218.0" WIDTH="1039.0" HEIGHT="112.0">
            <Shape><Polygon POINTS="216 2308 216 2330 631 2327 694 2315 716 2313 728 2315 759 2325 762 2325 764 2325 767 2325 769 2325 786 2313 793 2308 910 2308 912 2310 922 2317 922 2320 925 2320 927 2320 929 2320 932 2320 934 2320 951 2308 954 2308 968 2308 1133 2317 1136 2317 1252 2298 1252 2286 1248 2228 1133 2218 1131 2218 1010 2233 980 2235 963 2233 903 2223 900 2223 898 2223 895 2223 895 2225 893 2225 886 2235 883 2237 871 2235 815 2225 813 2225 810 2225 772 2237 762 2242 607 2242 604 2242 582 2230 580 2230 577 2230 575 2230 573 2230 556 2242 551 2245 536 2242 441 2233 439 2233 437 2233 398 2247 393 2247 388 2247 330 2235 327 2235 325 2235 322 2235 301 2250 298 2250 254 2237 252 2237 250 2237 247 2237 213 2247 216 2308"/></Shape>
	    <String CONTENT="A pres les peres petit furent li fil" HPOS="213.0" VPOS="2218.0" WIDTH="1039.0" HEIGHT="112.0"/>
          </TextLine>

          
          
          <TextLine ID="eSc_line_946d8f73" TAGREFS="LT1923" BASELINE="211 2378 1323 2347" HPOS="208.0" VPOS="2286.0" WIDTH="1115.0" HEIGHT="124.0">
            <Shape><Polygon POINTS="1228 2288 1204 2288 1192 2288 1177 2298 1175 2301 1005 2303 1002 2303 956 2293 939 2293 937 2293 927 2305 878 2296 864 2296 854 2296 820 2308 708 2298 706 2298 354 2322 335 2322 330 2322 262 2310 259 2310 257 2310 208 2322 211 2378 211 2410 378 2390 424 2402 429 2402 432 2402 434 2402 444 2400 502 2388 570 2395 628 2402 631 2402 776 2388 803 2385 820 2385 973 2393 976 2393 978 2393 1031 2376 1044 2373 1046 2376 1061 2388 1063 2388 1065 2388 1068 2388 1201 2385 1204 2385 1240 2368 1243 2366 1245 2368 1265 2381 1267 2381 1269 2381 1272 2381 1274 2381 1323 2364 1323 2347 1318 2296 1240 2286 1228 2288"/></Shape>
	    <String CONTENT="S icom lestoire le noꝰ tesmoigne ⁊ dit" HPOS="208.0" VPOS="2286.0" WIDTH="1115.0" HEIGHT="124.0"/>
          </TextLine>

          
          
          <TextLine ID="eSc_line_a764f15a" TAGREFS="LT1923" BASELINE="206 2453 1226 2436" HPOS="203.0" VPOS="2361.0" WIDTH="1023.0" HEIGHT="124.0">
            <Shape><Polygon POINTS="349 2376 327 2376 203 2390 206 2453 206 2470 281 2485 284 2485 381 2483 383 2483 386 2483 386 2480 400 2468 492 2483 495 2483 497 2483 500 2483 522 2466 524 2466 599 2480 602 2480 604 2480 641 2463 643 2463 682 2478 684 2478 687 2480 781 2480 781 2478 784 2478 786 2478 808 2461 810 2461 815 2461 1061 2473 1063 2473 1065 2473 1109 2453 1226 2451 1226 2436 1216 2361 1165 2376 1129 2364 1121 2361 1119 2361 1116 2361 1114 2361 1107 2364 1075 2376 1065 2366 1063 2364 1063 2361 1061 2361 1058 2361 1056 2361 1053 2361 1039 2366 1002 2378 988 2368 985 2368 983 2368 980 2368 976 2368 854 2381 825 2373 803 2366 801 2366 798 2366 796 2366 779 2373 757 2385 631 2385 621 2378 611 2371 609 2371 607 2371 604 2371 602 2371 582 2381 570 2388 458 2388 429 2385 364 2376 349 2376"/></Shape>
	    <String CONTENT="Q nͣt li prodon se gisoit en son lit" HPOS="203.0" VPOS="2361.0" WIDTH="1023.0" HEIGHT="124.0"/>
          </TextLine>

          
          
          <TextLine ID="eSc_line_93cde882" TAGREFS="LT1923" BASELINE="196 2534 1216 2517" HPOS="194.0" VPOS="2449.0" WIDTH="1022.0" HEIGHT="114.0">
            <Shape><Polygon POINTS="196 2534 196 2548 347 2560 349 2560 352 2560 398 2548 405 2548 412 2548 483 2563 485 2563 687 2548 701 2548 708 2548 774 2558 776 2558 779 2558 813 2548 835 2541 844 2548 852 2553 854 2553 857 2553 859 2553 895 2548 954 2538 978 2548 988 2551 990 2551 993 2551 995 2551 1005 2548 1027 2538 1073 2548 1095 2551 1097 2551 1099 2551 1102 2551 1107 2548 1124 2536 1214 2546 1216 2517 1214 2468 1177 2449 1175 2449 1172 2449 1170 2449 1116 2461 1046 2449 1044 2449 1041 2449 1000 2470 932 2451 929 2451 927 2451 925 2451 861 2473 820 2453 818 2453 815 2453 721 2475 718 2475 716 2475 534 2458 531 2458 529 2458 475 2475 388 2461 386 2461 383 2461 315 2483 313 2485 264 2485 264 2483 242 2466 242 2463 240 2463 237 2463 235 2463 233 2463 194 2480 196 2534"/></Shape>
	    <String CONTENT="O u il auoit gnͣt paour de morir" HPOS="194.0" VPOS="2449.0" WIDTH="1022.0" HEIGHT="114.0" WC="0.989371784031391"/>
          </TextLine>

          
          
          <TextLine ID="eSc_line_00afb6c4" TAGREFS="LT1923" BASELINE="189 2606 1211 2597" HPOS="186.0" VPOS="2524.0" WIDTH="1025.0" HEIGHT="119.0">
            <Shape><Polygon POINTS="403 2531 400 2531 315 2543 252 2534 235 2534 223 2534 186 2543 189 2606 191 2643 262 2626 403 2638 439 2640 441 2640 471 2635 524 2628 556 2633 577 2638 580 2638 582 2638 585 2638 585 2635 590 2633 597 2626 638 2633 679 2638 682 2638 684 2638 706 2631 735 2621 842 2626 959 2633 961 2633 1034 2621 1044 2621 1046 2621 1075 2633 1078 2633 1080 2633 1209 2616 1211 2597 1206 2534 1000 2524 997 2524 995 2524 993 2524 978 2536 971 2541 944 2536 915 2531 912 2531 866 2538 825 2543 815 2538 801 2529 798 2529 796 2529 793 2529 791 2529 789 2529 774 2538 764 2543 672 2541 500 2534 497 2534 446 2543 434 2546 429 2543 405 2531 403 2531"/></Shape>
	    <String CONTENT="N ele gardoit son frere ne son fil" HPOS="186.0" VPOS="2524.0" WIDTH="1025.0" HEIGHT="119.0"/>
          </TextLine>

          
          
          <TextLine ID="eSc_line_89fa497e" TAGREFS="LT1923" BASELINE="203 2686 1277 2665" HPOS="201.0" VPOS="2601.0" WIDTH="1076.0" HEIGHT="112.0">
            <Shape><Polygon POINTS="917 2601 915 2601 912 2601 893 2611 883 2616 859 2614 801 2604 798 2604 796 2604 793 2604 793 2606 791 2606 784 2616 784 2618 677 2621 670 2618 650 2609 648 2609 645 2609 643 2609 641 2609 624 2621 619 2623 434 2626 405 2611 403 2611 400 2611 237 2614 235 2614 201 2628 203 2686 203 2701 310 2713 313 2713 315 2713 354 2701 356 2701 359 2701 415 2711 417 2711 563 2699 607 2696 624 2699 667 2706 670 2706 672 2706 674 2706 687 2699 696 2694 1277 2694 1277 2665 1269 2601 954 2614 942 2611 920 2601 917 2601"/></Shape>
	    <String CONTENT="N e son parent ne son germaĩ coisin" HPOS="201.0" VPOS="2601.0" WIDTH="1076.0" HEIGHT="112.0"/>
          </TextLine>

          
          
          <TextLine ID="eSc_line_501da969" TAGREFS="LT1923" BASELINE="201 2747 1257 2742" HPOS="199.0" VPOS="2677.0" WIDTH="1058.0" HEIGHT="99.0">
            <Shape><Polygon POINTS="757 2677 755 2677 691 2694 679 2699 573 2699 570 2696 560 2686 560 2684 558 2684 556 2684 553 2684 422 2696 407 2684 393 2684 388 2684 361 2696 339 2686 337 2686 335 2686 199 2699 201 2747 201 2762 313 2776 315 2776 480 2764 665 2776 667 2776 670 2776 672 2776 684 2764 723 2776 725 2776 728 2776 847 2762 876 2774 878 2774 881 2774 973 2762 1209 2774 1211 2774 1214 2774 1257 2757 1257 2742 1252 2689 1046 2677 1044 2677 1041 2677 1012 2691 1007 2694 1000 2691 971 2677 968 2677 966 2677 963 2677 961 2677 944 2691 942 2691 927 2679 925 2679 922 2679 920 2679 917 2679 864 2691 854 2694 844 2691 759 2677 757 2677"/></Shape>
	    <String CONTENT="P ar les proirs q̃ saint beneois fist" HPOS="199.0" VPOS="2677.0" WIDTH="1058.0" HEIGHT="99.0"/>
          </TextLine>

          
          
          <TextLine ID="eSc_line_d5ac8d63" TAGREFS="LT1923" BASELINE="194 2825 1167 2815" HPOS="191.0" VPOS="2757.0" WIDTH="976.0" HEIGHT="102.0">
            <Shape><Polygon POINTS="194 2825 194 2842 254 2854 257 2854 259 2854 262 2854 262 2851 274 2842 279 2842 356 2851 359 2851 441 2839 454 2839 456 2839 488 2856 490 2856 492 2859 573 2859 573 2856 575 2856 607 2839 672 2856 674 2856 677 2856 733 2854 735 2854 738 2854 738 2851 755 2837 759 2837 864 2854 866 2854 869 2854 922 2834 927 2834 934 2834 1002 2851 1005 2851 1165 2832 1167 2815 1160 2757 191 2764 194 2825"/></Shape>
	    <String CONTENT="⁊ de sa terre ⁊ Rentes ⁊ molins" HPOS="191.0" VPOS="2757.0" WIDTH="976.0" HEIGHT="102.0"/>
          </TextLine>

          
          
          <TextLine ID="eSc_line_a4083110" TAGREFS="LT1923" BASELINE="196 2902 1214 2895" HPOS="194.0" VPOS="2822.0" WIDTH="1020.0" HEIGHT="112.0">
            <Shape><Polygon POINTS="196 2902 196 2922 866 2934 869 2934 871 2934 874 2934 895 2917 898 2917 912 2917 1029 2932 1031 2932 1211 2915 1214 2895 1209 2822 1114 2822 1112 2822 1109 2822 1078 2839 900 2822 878 2822 876 2822 874 2822 871 2822 840 2842 781 2827 779 2827 776 2827 774 2827 772 2827 752 2842 602 2832 599 2832 526 2844 342 2827 330 2827 327 2827 325 2827 322 2827 264 2844 250 2832 250 2830 247 2830 245 2830 194 2830 196 2902"/></Shape>
	    <String CONTENT="N e lauroit Riens la fille ne le fil" HPOS="194.0" VPOS="2822.0" WIDTH="1020.0" HEIGHT="112.0"/>
          </TextLine>

          
          
          <TextLine ID="eSc_line_6c4d81b9" TAGREFS="LT1923" BASELINE="189 2983 1248 2966" HPOS="186.0" VPOS="2893.0" WIDTH="1062.0" HEIGHT="124.0">
            <Shape><Polygon POINTS="1085 2898 1063 2917 1017 2917 949 2898 946 2898 944 2898 767 2922 677 2907 674 2907 672 2907 670 2907 645 2922 609 2907 607 2907 604 2907 602 2907 573 2919 441 2910 439 2910 437 2910 434 2910 412 2927 364 2912 361 2912 359 2912 279 2929 252 2910 250 2910 247 2910 186 2910 189 2983 194 3017 223 3000 303 3000 325 3012 332 3017 335 3017 337 3017 339 3017 342 3017 361 3012 400 3000 471 3007 519 3012 522 3012 524 3012 541 3004 563 2995 585 3004 607 3012 609 3012 611 3012 677 3000 725 2992 757 2997 815 3007 818 3007 1005 2995 1092 3004 1095 3004 1097 3004 1099 3004 1116 2990 1163 3000 1165 3000 1248 2980 1248 2966 1240 2893 1158 2907 1109 2898 1085 2898"/></Shape>
	    <String CONTENT="E partant fu li mondes apouris" HPOS="186.0" VPOS="2893.0" WIDTH="1062.0" HEIGHT="124.0"/>
          </TextLine>

          
          
          <TextLine ID="eSc_line_88f7cdd4" TAGREFS="LT1923" BASELINE="194 3048 1056 3055" HPOS="191.0" VPOS="2983.0" WIDTH="865.0" HEIGHT="99.0">
            <Shape><Polygon POINTS="308 2983 305 2983 303 2983 301 2983 288 2995 286 2995 228 2983 225 2983 223 2983 194 2992 194 3048 191 3070 738 3070 764 3082 767 3082 769 3082 772 3082 815 3070 1053 3070 1056 3055 1053 3002 767 2983 764 2983 762 2983 759 2983 742 2995 650 2985 648 2985 645 2985 643 2985 643 2987 631 2997 580 2983 577 2983 575 2983 573 2983 522 2997 517 2997 512 2997 451 2983 449 2983 446 2983 444 2983 429 2995 381 2983 378 2983 376 2983 373 2983 344 2995 310 2983 308 2983"/></Shape>
	    <String CONTENT="⁊ li clergie furent si enrichi" HPOS="191.0" VPOS="2983.0" WIDTH="865.0" HEIGHT="99.0"/>
          </TextLine>

          
          
          <TextLine ID="eSc_line_5d79d9dc" TAGREFS="LT1923" BASELINE="189 3116 1282 3121" HPOS="186.0" VPOS="3048.0" WIDTH="1096.0" HEIGHT="107.0">
            <Shape><Polygon POINTS="1039 3055 1014 3055 990 3055 895 3072 762 3072 706 3053 699 3053 687 3053 657 3068 551 3055 548 3055 449 3068 434 3055 434 3053 432 3053 429 3053 347 3051 339 3051 337 3051 335 3051 332 3051 332 3053 315 3070 240 3070 191 3051 189 3116 186 3140 827 3155 830 3155 917 3140 922 3140 927 3140 1044 3155 1046 3155 1048 3155 1080 3140 1104 3152 1107 3152 1109 3152 1112 3152 1114 3152 1133 3140 1136 3140 1279 3140 1282 3121 1274 3048 1216 3063 1180 3048 1177 3048 1039 3048 1039 3055"/></Shape>
	    <String CONTENT="G aule en sont estre tornee a declin" HPOS="186.0" VPOS="3048.0" WIDTH="1096.0" HEIGHT="107.0"/>
          </TextLine>

          
          
          <TextLine ID="eSc_line_854b6378" TAGREFS="LT1923" BASELINE="179 3196 1267 3201" HPOS="177.0" VPOS="3128.0" WIDTH="1090.0" HEIGHT="105.0">
            <Shape><Polygon POINTS="179 3196 177 3223 245 3213 322 3225 337 3228 339 3228 349 3225 400 3216 449 3225 461 3228 463 3228 483 3225 560 3218 684 3225 747 3230 750 3230 752 3230 767 3225 806 3216 820 3225 825 3230 827 3230 830 3230 832 3233 832 3230 835 3230 837 3230 842 3225 857 3216 886 3225 895 3230 898 3230 900 3233 985 3233 985 3230 988 3230 990 3230 993 3225 1007 3216 1262 3225 1267 3201 1267 3148 1223 3131 1221 3131 1218 3131 1022 3143 961 3131 959 3131 956 3131 900 3145 772 3131 769 3131 767 3131 735 3145 553 3128 551 3128 548 3128 505 3143 356 3128 354 3128 250 3143 220 3128 218 3128 216 3128 213 3128 179 3143 179 3196"/></Shape>
	    <String CONTENT="S e dame diex consoil ni eust mis" HPOS="177.0" VPOS="3128.0" WIDTH="1090.0" HEIGHT="105.0"/>
          </TextLine>

          
          
          <TextLine ID="eSc_line_22bc0961" TAGREFS="LT1923" BASELINE="189 3274 1311 3269" HPOS="186.0" VPOS="3201.0" WIDTH="1125.0" HEIGHT="117.0">
            <Shape><Polygon POINTS="1206 3201 1182 3201 1175 3201 1124 3213 1031 3201 1012 3201 1007 3201 993 3216 908 3216 895 3203 895 3201 893 3201 891 3201 888 3201 835 3211 781 3201 769 3201 757 3201 735 3216 308 3201 305 3201 303 3201 259 3216 213 3201 211 3201 208 3201 206 3201 203 3201 186 3213 189 3274 189 3296 230 3318 233 3318 235 3318 237 3318 281 3298 354 3310 356 3310 359 3310 361 3310 361 3308 371 3301 395 3318 398 3318 400 3318 403 3318 405 3318 407 3318 439 3298 441 3298 507 3298 553 3298 568 3313 570 3313 573 3313 575 3313 577 3313 607 3298 609 3298 631 3318 633 3318 636 3318 638 3318 813 3305 876 3315 878 3315 881 3315 925 3301 929 3301 934 3301 978 3315 980 3315 983 3315 1056 3303 1097 3296 1129 3296 1136 3303 1148 3313 1148 3315 1150 3315 1153 3315 1155 3315 1311 3303 1311 3269 1306 3216 1206 3201 1206 3201"/></Shape>
	    <String CONTENT="C harles martiax fu forment apouͥz" HPOS="186.0" VPOS="3201.0" WIDTH="1125.0" HEIGHT="117.0"/>
          </TextLine>

          
          
          <TextLine ID="eSc_line_aa481ceb" TAGREFS="LT1923" BASELINE="177 3339 1153 3347" HPOS="174.0" VPOS="3281.0" WIDTH="979.0" HEIGHT="107.0">
            <Shape><Polygon POINTS="177 3339 174 3361 252 3381 254 3381 257 3381 305 3366 339 3381 342 3381 344 3381 473 3368 497 3383 500 3383 502 3383 505 3383 786 3368 825 3385 827 3385 830 3388 895 3388 895 3385 898 3385 900 3385 900 3383 912 3373 920 3381 920 3383 922 3383 925 3383 927 3383 1007 3373 1031 3385 1034 3385 1036 3385 1150 3368 1153 3347 1150 3286 1002 3286 1000 3286 997 3286 995 3286 976 3301 939 3286 937 3286 934 3286 932 3286 929 3286 925 3286 888 3301 713 3288 687 3288 684 3288 670 3288 604 3298 556 3291 495 3281 492 3281 429 3291 405 3296 388 3293 342 3281 339 3281 337 3281 177 3293 177 3339"/></Shape>
	    <String CONTENT="A lapostole eu auoit .i. iour priz" HPOS="174.0" VPOS="3281.0" WIDTH="979.0" HEIGHT="107.0"/>
          </TextLine>

          
          
          <TextLine ID="eSc_line_2a48890f" TAGREFS="LT1923" BASELINE="177 3410 1260 3419" HPOS="174.0" VPOS="3344.0" WIDTH="1086.0" HEIGHT="109.0">
            <Shape><Polygon POINTS="174 3424 322 3427 446 3451 449 3451 517 3436 534 3451 536 3451 539 3451 842 3453 844 3453 847 3453 891 3434 937 3449 939 3449 942 3449 944 3449 946 3449 961 3436 997 3449 1000 3449 1002 3449 1107 3436 1131 3453 1133 3453 1136 3453 1138 3453 1257 3434 1260 3419 1260 3373 1223 3354 1221 3354 1218 3354 1058 3368 1036 3368 1017 3366 915 3351 912 3351 910 3351 908 3351 893 3364 883 3371 830 3361 784 3354 781 3354 779 3354 767 3359 747 3371 434 3354 432 3354 356 3366 330 3347 327 3347 325 3347 322 3347 320 3347 315 3347 254 3364 179 3344 177 3410 174 3424"/></Shape>
	    <String CONTENT="D roit a lyons qui seur le rone sist" HPOS="174.0" VPOS="3344.0" WIDTH="1086.0" HEIGHT="109.0"/>
          </TextLine>

          
          
          <TextLine ID="eSc_line_afc04a9e" TAGREFS="LT1923" BASELINE="177 3485 1272 3490" HPOS="174.0" VPOS="3422.0" WIDTH="1098.0" HEIGHT="112.0">
            <Shape><Polygon POINTS="177 3485 174 3509 305 3524 308 3524 388 3514 407 3529 410 3529 412 3529 415 3529 626 3526 628 3526 660 3514 721 3531 723 3531 725 3534 1002 3534 1002 3531 1005 3531 1068 3517 1175 3531 1177 3531 1269 3514 1272 3490 1267 3424 1014 3439 990 3424 988 3424 985 3424 983 3424 980 3424 978 3424 978 3427 961 3444 752 3444 723 3427 718 3424 716 3424 713 3424 711 3424 708 3424 706 3427 684 3439 560 3427 536 3427 534 3427 517 3429 437 3439 405 3429 383 3422 381 3422 378 3422 177 3429 177 3485"/></Shape>
	    <String CONTENT="U int lapostole cõt̾ charlon son fil" HPOS="174.0" VPOS="3422.0" WIDTH="1098.0" HEIGHT="112.0"/>
          </TextLine>

          
          
          <TextLine ID="eSc_line_5bb473fd" TAGREFS="LT1923" BASELINE="177 3570 1238 3582" HPOS="174.0" VPOS="3504.0" WIDTH="1064.0" HEIGHT="136.0">
            <Shape><Polygon POINTS="177 3570 174 3618 184 3628 184 3631 186 3631 189 3631 191 3631 194 3631 242 3618 259 3633 262 3633 264 3633 267 3633 269 3633 271 3633 301 3614 318 3604 471 3618 485 3618 488 3618 495 3618 594 3606 628 3621 665 3638 667 3638 670 3638 672 3638 706 3626 721 3638 723 3638 725 3638 900 3640 903 3640 905 3640 946 3628 1000 3611 1019 3628 1019 3631 1022 3631 1024 3631 1027 3631 1036 3631 1092 3618 1131 3631 1143 3635 1146 3635 1148 3635 1150 3635 1160 3633 1189 3621 1231 3633 1238 3582 1238 3531 1194 3514 1192 3514 1189 3514 1053 3529 1039 3529 1019 3529 803 3509 801 3509 628 3524 611 3524 599 3509 597 3509 597 3507 594 3507 592 3507 490 3507 488 3507 485 3507 458 3521 456 3521 451 3521 376 3504 373 3504 177 3517 177 3570"/></Shape>
	    <String CONTENT="L a ueissiez de clers plus .xxiii. mil" HPOS="174.0" VPOS="3504.0" WIDTH="1064.0" HEIGHT="136.0"/>
          </TextLine>

          
        </TextBlock>
        
        <TextBlock HPOS="1350.0" VPOS="233.0" WIDTH="1415.0" HEIGHT="3415.0" ID="eSc_textblock_18f4088f" TAGREFS="BT5592">
          <Shape><Polygon POINTS="2522 262 2532 483 2590 601 2561 783 2658 970 2648 1104 2707 1271 2678 1514 2697 1764 2658 1939 2716 2444 2765 2572 2726 2873 2755 3174 2726 3560 2658 3648 2552 3648 2552 3585 1861 3607 1350 3576 1416 3528 1459 3370 1471 3291 1489 3150 1467 2684 1442 2556 1483 2412 1522 1922 1590 1871 1534 1861 1524 1378 1592 1029 1553 939 1573 776 1544 754 1524 485 1544 330 1631 233"/></Shape>
          
          
          <TextLine ID="eSc_line_1cbd3ee7" TAGREFS="LT1923" BASELINE="1515 291 2517 300" HPOS="1512.0" VPOS="174.0" WIDTH="1005.0" HEIGHT="158.0">
            <Shape><Polygon POINTS="1515 291 1512 308 1762 308 1772 313 1808 327 1811 327 1813 327 1816 327 1842 313 1847 310 1852 313 1884 327 1886 327 2061 330 2063 330 2066 330 2105 317 2131 310 2168 320 2214 330 2216 330 2219 330 2241 320 2265 310 2311 322 2352 332 2355 332 2357 332 2396 325 2437 315 2513 325 2517 300 2515 194 2394 216 2362 191 2355 184 2352 184 2350 184 2347 184 2311 191 2270 199 2255 191 2238 179 2236 179 2233 179 2068 179 2066 179 2063 179 2061 179 2049 189 2012 213 1784 213 1745 189 1743 189 1740 189 1738 189 1736 189 1670 208 1592 184 1561 174 1558 174 1556 174 1515 182 1515 291"/></Shape>
	    <String CONTENT="T  en y a ꝯseil nẽ iert pris" HPOS="1512.0" VPOS="174.0" WIDTH="1005.0" HEIGHT="158.0"/>
          </TextLine>

          
          
          <TextLine ID="eSc_line_82d807c6" TAGREFS="LT1923" BASELINE="1515 371 2537 385" HPOS="1512.0" VPOS="293.0" WIDTH="1025.0" HEIGHT="134.0">
            <Shape><Polygon POINTS="1685 293 1682 293 1626 310 1624 310 1585 293 1583 293 1580 293 1515 308 1515 371 1512 390 1626 410 1629 410 1631 410 1682 395 1765 395 1799 415 1801 415 1954 417 1956 417 1959 417 1988 405 2022 419 2024 419 2027 419 2119 410 2194 422 2197 422 2318 405 2364 424 2367 424 2369 427 2437 427 2437 424 2534 405 2537 385 2537 317 2496 305 2493 305 2491 305 2488 305 2486 305 2471 317 2469 322 2379 322 2362 317 2318 303 2316 303 2313 303 2226 315 2199 320 2187 315 2148 300 2146 300 2143 300 1910 313 1859 315 1830 313 1687 293 1685 293"/></Shape>
	    <String CONTENT="E t lait̾ peuple qͥ assembla iqui" HPOS="1512.0" VPOS="293.0" WIDTH="1025.0" HEIGHT="134.0"/>
          </TextLine>

          
          
          <TextLine ID="eSc_line_2729d15e" TAGREFS="LT1923" BASELINE="1517 453 2243 463 2476 453" HPOS="1517.0" VPOS="383.0" WIDTH="959.0" HEIGHT="119.0">
            <Shape><Polygon POINTS="1517 453 1519 492 1544 473 1777 490 1886 497 1889 497 1969 490 2010 485 2020 487 2037 497 2039 497 2041 497 2044 497 2046 497 2056 487 2068 480 2114 487 2185 500 2187 502 2279 502 2279 500 2282 500 2284 500 2299 487 2309 480 2316 487 2323 492 2326 492 2328 492 2330 492 2474 485 2476 453 2469 400 2015 402 1995 390 1993 388 1990 388 1988 388 1986 388 1966 390 1886 402 1755 385 1743 385 1740 385 1738 385 1736 385 1682 400 1651 385 1648 385 1646 385 1643 385 1602 398 1592 385 1590 385 1590 383 1587 383 1585 383 1517 383 1517 453"/></Shape>
	    <String CONTENT="D e chl̾rs iot plus de uii.ͫ" HPOS="1517.0" VPOS="383.0" WIDTH="959.0" HEIGHT="119.0"/>
          </TextLine>

          
          
          <TextLine ID="eSc_line_d744455b" TAGREFS="LT1923" BASELINE="1522 533 2559 550 2574 549" HPOS="1515.0" VPOS="455.0" WIDTH="1056.0" HEIGHT="120.0">
            <Shape><Polygon POINTS="2538 502 2523 458 2316 458 2301 458 2294 466 2258 484 2167 466 2156 466 2152 466 2068 466 1795 476 1780 473 1740 455 1737 455 1733 455 1613 473 1609 473 1555 455 1518 491 1518 531 1515 557 2564 575 2571 546 2560 462 2538 458 2538 502"/></Shape>
	    <String CONTENT="M ez lz nauoiẽt palefroi ne rõcĩ" HPOS="1515.0" VPOS="455.0" WIDTH="1056.0" HEIGHT="120.0"/>
          </TextLine>

          
          
          <TextLine ID="eSc_line_f5e066dc" BASELINE="2654 545 2976 529" HPOS="2644.0" VPOS="418.0" WIDTH="331.0" HEIGHT="190.0">
            <Shape><Polygon POINTS="2651 542 2651 600 2793 578 2829 604 2833 604 2837 604 2971 608 2975 527 2968 436 2902 418 2899 418 2895 418 2891 418 2888 418 2859 440 2851 447 2644 447 2651 542"/></Shape>
	    <String CONTENT="Requis" HPOS="2644.0" VPOS="418.0" WIDTH="331.0" HEIGHT="190.0"/>
          </TextLine>

          
          
          <TextLine ID="eSc_line_a0da55ca" TAGREFS="LT1923" BASELINE="1524 631 2610 648" HPOS="1522.0" VPOS="550.0" WIDTH="1088.0" HEIGHT="122.0">
            <Shape><Polygon POINTS="1524 631 1522 650 1539 662 1541 662 1544 662 1546 662 1675 650 1711 665 1714 665 1716 665 1719 665 1765 652 1838 667 1840 667 1961 655 1964 655 1966 655 2020 669 2022 669 2024 669 2027 669 2073 657 2075 657 2143 672 2146 672 2607 667 2610 648 2607 582 2488 582 2466 580 2374 563 2372 563 2296 572 2282 560 2279 560 2277 560 2275 560 2073 575 2046 575 2027 572 1889 555 1886 555 1791 570 1789 570 1765 553 1762 553 1760 553 1757 553 1755 553 1704 570 1699 570 1689 570 1575 550 1573 550 1570 550 1524 565 1524 631"/></Shape>
	    <String CONTENT="N e armeures fors les brans acin" HPOS="1522.0" VPOS="550.0" WIDTH="1088.0" HEIGHT="122.0"/>
          </TextLine>

          
          
          <TextLine ID="eSc_line_ffd8cb1e" TAGREFS="LT1923" BASELINE="1517 711 2610 730" HPOS="1515.0" VPOS="638.0" WIDTH="1095.0" HEIGHT="126.0">
            <Shape><Polygon POINTS="2474 648 2471 648 2432 650 2357 660 2343 650 2335 645 2333 645 2330 645 2328 645 2207 650 2066 657 2041 650 2012 640 2010 640 2007 640 2005 640 1966 650 1935 657 1743 655 1736 650 1709 638 1706 638 1704 638 1702 638 1668 650 1655 652 1517 650 1517 711 1515 730 1553 747 1556 747 1558 747 1651 733 1680 745 1682 745 1685 745 1859 737 1889 737 1896 740 1954 754 1956 754 1959 754 2122 745 2175 742 2185 747 2214 759 2216 759 2219 759 2272 750 2299 745 2415 745 2437 754 2469 764 2471 764 2474 764 2607 757 2610 730 2605 652 2554 667 2493 652 2476 648 2474 648"/></Shape>
	    <String CONTENT="D es nellaiz hõmes iot il ml̾t petit" HPOS="1515.0" VPOS="638.0" WIDTH="1095.0" HEIGHT="126.0"/>
          </TextLine>

          
          
          <TextLine ID="eSc_line_3e22f748" TAGREFS="LT1923" BASELINE="1522 800 2547 822" HPOS="1519.0" VPOS="718.0" WIDTH="1028.0" HEIGHT="133.0">
            <Shape><Polygon POINTS="1522 800 1519 827 1631 815 1692 832 1702 834 1704 834 1706 834 1728 832 1818 820 1915 834 1978 842 1981 842 1983 842 2005 834 2032 825 2073 834 2092 839 2095 839 2097 839 2165 834 2219 832 2224 837 2233 844 2236 844 2238 844 2241 844 2243 844 2267 837 2287 830 2296 837 2316 849 2318 849 2321 849 2323 849 2326 849 2352 837 2364 832 2381 837 2430 851 2432 851 2435 851 2544 837 2547 822 2547 757 2386 752 2321 730 2318 730 2262 730 2260 730 2258 730 2255 730 2241 745 2204 728 2202 728 2199 728 2085 740 2066 730 2063 730 2061 730 2058 730 2022 745 2020 745 2012 745 1862 720 1772 720 1770 720 1767 720 1765 720 1765 723 1745 737 1745 740 1680 740 1677 737 1629 718 1626 718 1624 718 1621 718 1619 718 1619 720 1600 735 1522 735 1522 800"/></Shape>
	    <String CONTENT="⁊ les ꝑolles ꝯmancent a uenir" HPOS="1519.0" VPOS="718.0" WIDTH="1028.0" HEIGHT="133.0"/>
          </TextLine>

          
          
          <TextLine ID="eSc_line_2cbfb845" TAGREFS="LT1923" BASELINE="1522 885 2488 912" HPOS="1519.0" VPOS="803.0" WIDTH="969.0" HEIGHT="138.0">
            <Shape><Polygon POINTS="1595 803 1592 803 1590 803 1522 825 1522 885 1519 917 1558 919 1561 919 1563 919 1566 919 1566 917 1583 902 1668 919 1697 924 1699 927 1762 927 1762 924 1765 924 1767 924 1772 919 1784 910 1896 922 1913 922 1915 922 1918 922 1923 922 1959 912 2017 922 2088 934 2090 934 2092 934 2114 922 2122 917 2131 922 2153 936 2156 936 2158 936 2160 936 2267 929 2309 941 2311 941 2313 941 2486 924 2488 912 2488 854 2406 854 2401 851 2362 825 2360 825 2357 825 2355 825 2352 825 2333 834 2313 822 2311 822 2309 822 2306 822 2304 822 2231 847 2224 847 2092 844 2090 842 2054 815 2051 815 2049 815 2046 815 1952 825 1828 810 1825 810 1823 810 1821 810 1787 834 1784 834 1726 834 1726 832 1702 810 1702 808 1699 808 1697 808 1694 808 1692 808 1638 822 1597 803 1595 803"/></Shape>
	    <String CONTENT="S ire apostole kl̾ martel a dit" HPOS="1519.0" VPOS="803.0" WIDTH="969.0" HEIGHT="138.0"/>
          </TextLine>

          
          
          <TextLine ID="eSc_line_a3803fc8" TAGREFS="LT1923" BASELINE="1527 968 2634 995" HPOS="1524.0" VPOS="895.0" WIDTH="1110.0" HEIGHT="131.0">
            <Shape><Polygon POINTS="2408 912 2406 912 2403 912 2352 924 2316 934 2294 924 2265 910 2262 910 2260 910 2258 910 2255 910 2255 912 2243 922 2228 934 2041 934 2015 919 1990 902 1988 902 1986 902 1779 898 1777 898 1774 898 1772 898 1772 900 1755 912 1755 915 1753 912 1719 895 1716 895 1714 895 1711 895 1672 912 1663 917 1619 917 1614 910 1602 900 1602 898 1600 898 1597 898 1595 898 1527 907 1527 968 1524 987 1869 992 1891 1002 1925 1014 1927 1014 1930 1014 1932 1014 1935 1014 1952 1004 1964 997 2020 997 2029 1007 2039 1014 2039 1017 2041 1017 2044 1017 2262 1021 2265 1021 2267 1021 2287 1014 2304 1009 2316 1017 2328 1024 2330 1024 2333 1024 2449 1026 2452 1026 2474 1021 2532 1009 2629 1026 2634 995 2631 932 2464 941 2437 927 2411 912 2408 912"/></Shape>
	    <String CONTENT="P ar cel seigno qui en la croix fu mis" HPOS="1524.0" VPOS="895.0" WIDTH="1110.0" HEIGHT="131.0"/>
          </TextLine>

          
          
          <TextLine ID="eSc_line_658d07bd" TAGREFS="LT1923" BASELINE="1524 1046 2537 1075" HPOS="1522.0" VPOS="985.0" WIDTH="1015.0" HEIGHT="126.0">
            <Shape><Polygon POINTS="1524 1046 1522 1063 1641 1063 1655 1070 1689 1087 1692 1087 1694 1087 1697 1087 1723 1072 1738 1065 1777 1075 1794 1080 1796 1080 1799 1080 1828 1077 1923 1070 1969 1084 1986 1089 1988 1089 1990 1089 1993 1089 1995 1089 2000 1084 2020 1072 2075 1084 2078 1084 2080 1084 2102 1075 2126 1092 2136 1099 2139 1099 2141 1099 2143 1099 2146 1099 2168 1094 2202 1084 2221 1097 2228 1101 2231 1101 2233 1101 2367 1106 2369 1106 2372 1106 2381 1104 2411 1089 2442 1106 2449 1109 2452 1109 2454 1111 2534 1111 2537 1075 2537 1026 2282 997 2279 997 2277 997 2275 997 2245 1017 2224 997 2221 997 2219 997 2216 997 2146 1014 2141 1014 2119 995 2117 995 2114 995 2112 995 2109 995 2068 1012 2034 990 2032 990 2029 990 2027 990 2024 990 1952 1009 1947 1009 1939 1007 1862 985 1859 985 1813 985 1811 985 1808 985 1806 985 1806 987 1789 1002 1524 997 1524 1046"/></Shape>
	    <String CONTENT="A ies merci et de uoꝰ et de mi" HPOS="1522.0" VPOS="985.0" WIDTH="1015.0" HEIGHT="126.0"/>
          </TextLine>

          
          
          <TextLine ID="eSc_line_34a736ad" TAGREFS="LT1923" BASELINE="1524 1123 2595 1162" HPOS="1524.0" VPOS="1053.0" WIDTH="1071.0" HEIGHT="141.0">
            <Shape><Polygon POINTS="1524 1123 1524 1160 1590 1140 1687 1155 1689 1155 1789 1145 1939 1165 1942 1165 1944 1165 1947 1165 1986 1157 2005 1167 2027 1177 2029 1177 2032 1177 2034 1177 2068 1167 2085 1162 2095 1167 2122 1184 2124 1184 2126 1184 2350 1191 2352 1191 2355 1191 2381 1179 2391 1191 2394 1191 2394 1194 2396 1194 2398 1194 2401 1194 2593 1172 2595 1162 2588 1097 2568 1109 2525 1094 2505 1089 2503 1089 2500 1089 2474 1094 2437 1101 2420 1092 2398 1082 2396 1082 2394 1082 2352 1092 2318 1099 1939 1089 1920 1082 1864 1063 1862 1063 1859 1063 1857 1063 1835 1075 1825 1065 1825 1063 1823 1063 1821 1063 1818 1063 1694 1067 1592 1053 1590 1053 1587 1053 1524 1070 1524 1123"/></Shape>
	    <String CONTENT="E n tel manie q̃ ne soions honi" HPOS="1524.0" VPOS="1053.0" WIDTH="1071.0" HEIGHT="141.0"/>
          </TextLine>

          
          
          <TextLine ID="eSc_line_3f7c4f7d" TAGREFS="LT1923" BASELINE="1534 1206 2656 1247" HPOS="1532.0" VPOS="1131.0" WIDTH="1124.0" HEIGHT="145.0">
            <Shape><Polygon POINTS="1534 1206 1532 1223 1947 1257 1949 1257 1952 1257 1986 1240 2119 1242 2119 1245 2129 1257 2131 1257 2131 1259 2134 1259 2136 1259 2139 1259 2141 1259 2190 1247 2219 1267 2221 1267 2224 1267 2457 1276 2459 1276 2462 1276 2515 1262 2600 1276 2602 1276 2605 1276 2653 1262 2656 1247 2656 1191 2515 1186 2515 1184 2454 1165 2452 1165 2449 1165 2447 1165 2445 1165 2418 1182 2415 1182 2211 1177 2211 1174 2204 1165 2202 1165 2202 1162 2199 1162 2197 1162 2194 1162 2085 1169 2075 1169 2073 1169 2010 1145 2007 1145 1876 1140 1757 1138 1755 1138 1753 1138 1706 1155 1568 1131 1566 1131 1563 1131 1534 1145 1534 1206"/></Shape>
	    <String CONTENT="N e sai q̃l gent sont auenu sur mi" HPOS="1532.0" VPOS="1131.0" WIDTH="1124.0" HEIGHT="145.0"/>
          </TextLine>

          
          
          <TextLine ID="eSc_line_aabe51b6" TAGREFS="LT1923" BASELINE="1527 1303 2682 1330" HPOS="1524.0" VPOS="1228.0" WIDTH="1158.0" HEIGHT="136.0">
            <Shape><Polygon POINTS="1527 1303 1524 1313 1753 1334 1755 1334 1757 1334 1760 1334 1774 1322 1998 1337 2000 1337 2003 1337 2024 1327 2073 1351 2075 1351 2156 1354 2158 1354 2333 1347 2364 1359 2367 1359 2369 1359 2372 1359 2430 1339 2466 1361 2469 1361 2471 1361 2583 1364 2585 1364 2588 1364 2590 1364 2617 1344 2680 1344 2682 1330 2682 1269 2646 1252 2644 1252 2491 1250 2488 1250 2486 1250 2483 1250 2459 1264 2437 1252 2435 1252 2432 1252 2430 1252 2428 1252 2408 1264 2406 1264 2311 1264 2309 1262 2282 1245 2279 1245 2277 1245 2275 1245 2272 1245 2238 1259 2233 1259 2063 1259 2046 1257 1852 1233 1850 1233 1847 1233 1811 1250 1748 1230 1745 1230 1583 1228 1580 1228 1578 1228 1575 1228 1575 1230 1558 1245 1556 1245 1527 1245 1527 1303"/></Shape>
	    <String CONTENT="A rse ont ma t̾re ⁊ destruit mõ pais" HPOS="1524.0" VPOS="1228.0" WIDTH="1158.0" HEIGHT="136.0"/>
          </TextLine>

          
          
          <TextLine ID="eSc_line_ec8185d0" TAGREFS="LT1923" BASELINE="1522 1378 2772 1415" HPOS="1519.0" VPOS="1305.0" WIDTH="1253.0" HEIGHT="144.0">
            <Shape><Polygon POINTS="2056 1317 2046 1315 1976 1330 1973 1330 1956 1313 1935 1313 1910 1313 1886 1313 1862 1313 1845 1310 1794 1322 1745 1310 1740 1310 1723 1308 1687 1322 1668 1308 1668 1308 1643 1308 1638 1305 1522 1317 1522 1378 1519 1395 1549 1407 1551 1407 1553 1407 1629 1400 1660 1419 1663 1419 1665 1419 1668 1419 1670 1419 1714 1402 1750 1402 1753 1405 1770 1422 1770 1424 1772 1424 1774 1424 1777 1424 1779 1424 1840 1407 1852 1405 1862 1410 1886 1419 1889 1419 1891 1419 1893 1419 1915 1410 1920 1407 1925 1412 1939 1427 1939 1429 1942 1429 1944 1429 1947 1429 2034 1417 2063 1412 2073 1417 2080 1424 2083 1424 2085 1424 2088 1424 2131 1419 2168 1417 2173 1422 2185 1434 2185 1436 2187 1436 2190 1436 2428 1441 2430 1441 2432 1441 2454 1434 2491 1424 2568 1439 2617 1449 2619 1449 2656 1444 2733 1432 2765 1449 2772 1415 2772 1349 2675 1332 2673 1332 2605 1344 2573 1349 2522 1342 2435 1330 2432 1330 2430 1330 2394 1339 2384 1342 2372 1339 2338 1327 2335 1327 2333 1327 2330 1327 2328 1327 2316 1337 2309 1342 2117 1339 2105 1332 2066 1317 2056 1317"/></Shape>
	    <String CONTENT="⁊ deuaut moy fõt mes chastiax croissir" HPOS="1519.0" VPOS="1305.0" WIDTH="1253.0" HEIGHT="144.0"/>
          </TextLine>

          
          
          <TextLine ID="eSc_line_6565b552" TAGREFS="LT1923" BASELINE="1519 1466 2573 1500" HPOS="1517.0" VPOS="1388.0" WIDTH="1056.0" HEIGHT="148.0">
            <Shape><Polygon POINTS="1517 1478 1585 1480 1587 1483 1638 1507 1641 1507 1643 1507 1646 1507 1694 1490 1697 1487 1702 1490 1748 1512 1750 1512 1821 1514 1823 1514 1893 1500 1920 1495 1949 1502 1978 1512 1981 1512 1983 1512 1986 1512 1988 1512 1995 1504 2005 1497 2034 1507 2046 1512 2049 1512 2051 1512 2068 1509 2119 1500 2211 1517 2275 1529 2471 1534 2474 1534 2476 1534 2479 1534 2479 1531 2498 1517 2566 1536 2573 1500 2571 1432 2517 1436 2503 1427 2488 1417 2486 1417 2483 1417 2481 1417 2479 1417 2462 1427 2445 1434 2204 1429 2192 1415 2185 1410 2185 1407 2182 1407 2180 1407 2177 1407 2141 1415 2097 1422 2061 1410 2037 1402 2034 1402 2032 1402 2029 1402 2010 1407 1976 1419 1952 1405 1939 1400 1937 1400 1799 1395 1796 1395 1794 1395 1784 1400 1753 1412 1677 1412 1653 1395 1648 1390 1646 1390 1643 1390 1556 1388 1553 1388 1551 1388 1549 1388 1546 1390 1536 1398 1524 1388 1519 1466 1517 1478"/></Shape>
	    <String CONTENT="Q̾ ge nespuis tens ne garantir" HPOS="1517.0" VPOS="1388.0" WIDTH="1056.0" HEIGHT="148.0"/>
          </TextLine>

          
          
          <TextLine ID="eSc_line_cbdcb186" TAGREFS="LT1923" BASELINE="1522 1553 2576 1580" HPOS="1519.0" VPOS="1468.0" WIDTH="1057.0" HEIGHT="138.0">
            <Shape><Polygon POINTS="2177 1487 2153 1487 2129 1487 2105 1485 2080 1485 2056 1485 2032 1483 2007 1483 1983 1483 1959 1480 1935 1480 1920 1480 1918 1480 1915 1480 1901 1487 1864 1502 1774 1490 1772 1490 1770 1490 1738 1500 1714 1485 1711 1485 1709 1485 1706 1485 1638 1497 1614 1473 1614 1470 1612 1470 1609 1470 1607 1470 1597 1470 1553 1480 1524 1468 1522 1553 1519 1575 1804 1570 1886 1589 1903 1592 1906 1592 1908 1592 1915 1589 1937 1580 1954 1589 1954 1592 1956 1592 1959 1592 1961 1592 1983 1592 2153 1580 2282 1584 2309 1599 2309 1601 2311 1601 2313 1601 2316 1601 2318 1601 2321 1601 2360 1584 2571 1606 2576 1580 2576 1521 2517 1500 2515 1500 2513 1500 2510 1500 2471 1517 2466 1517 2292 1517 2270 1504 2255 1500 2253 1500 2250 1500 2248 1500 2236 1504 2219 1512 2211 1502 2199 1487 2177 1487"/></Shape>
	    <String CONTENT="E ns es mõstr̾s fõt les chax gesir" HPOS="1519.0" VPOS="1468.0" WIDTH="1057.0" HEIGHT="138.0"/>
          </TextLine>

          
          
          <TextLine ID="eSc_line_438fb86e" TAGREFS="LT1923" BASELINE="1522 1635 2614 1665" HPOS="1519.0" VPOS="1558.0" WIDTH="1095.0" HEIGHT="128.0">
            <Shape><Polygon POINTS="2347 1575 2328 1575 2316 1580 2226 1572 2202 1572 2177 1570 2153 1570 2129 1570 2122 1570 2102 1580 2058 1567 2056 1567 2032 1567 2020 1567 1983 1580 1952 1565 1935 1565 1915 1565 1850 1580 1823 1563 1813 1563 1791 1560 1736 1570 1719 1560 1716 1560 1692 1558 1689 1558 1653 1577 1651 1577 1578 1563 1575 1563 1522 1572 1522 1635 1519 1650 1544 1662 1546 1662 1549 1662 1689 1652 1697 1652 1699 1652 1719 1667 1721 1667 1723 1667 1726 1667 2095 1665 2126 1677 2129 1677 2131 1677 2134 1677 2158 1665 2165 1665 2432 1686 2435 1686 2612 1674 2614 1665 2612 1604 2435 1601 2428 1599 2360 1575 2347 1575"/></Shape>
	    <String CONTENT="O u deu de gloire deust est seruis" HPOS="1519.0" VPOS="1558.0" WIDTH="1095.0" HEIGHT="128.0"/>
          </TextLine>

          
          
          <TextLine ID="eSc_line_3d6db40c" TAGREFS="LT1923" BASELINE="1522 1711 2678 1750" HPOS="1519.0" VPOS="1640.0" WIDTH="1159.0" HEIGHT="131.0">
            <Shape><Polygon POINTS="1670 1640 1668 1640 1643 1645 1590 1657 1524 1640 1522 1711 1519 1740 1663 1733 1721 1747 1736 1752 1738 1752 1740 1752 1777 1750 1879 1740 2109 1757 2243 1767 2245 1767 2284 1762 2299 1759 2306 1762 2328 1771 2330 1771 2333 1771 2675 1769 2678 1750 2678 1696 2498 1691 2491 1686 2459 1667 2457 1667 2454 1667 2316 1665 2313 1665 2311 1665 2275 1677 2250 1682 2114 1672 2112 1667 2097 1655 2095 1655 2092 1655 2090 1655 2044 1665 2012 1672 1981 1662 1954 1652 1952 1652 1949 1652 1947 1652 1925 1660 1889 1669 1821 1667 1811 1652 1808 1650 1806 1650 1806 1648 1804 1648 1801 1648 1799 1648 1796 1648 1784 1652 1753 1662 1702 1648 1672 1640 1670 1640"/></Shape>
	    <String CONTENT="⁊ les ꝓuoires escorcent ilz tout uis" HPOS="1519.0" VPOS="1640.0" WIDTH="1159.0" HEIGHT="131.0" WC="0.976959233482679"/>
          </TextLine>

          
          
          <TextLine ID="eSc_line_7902bc5b" TAGREFS="LT1923" BASELINE="1515 1803 2496 1832" HPOS="1512.0" VPOS="1723.0" WIDTH="984.0" HEIGHT="136.0">
            <Shape><Polygon POINTS="1515 1803 1512 1815 1549 1832 1551 1832 1553 1832 1556 1832 1590 1817 1607 1834 1607 1837 1609 1837 1612 1837 1614 1837 1617 1837 1665 1820 1672 1830 1675 1830 1675 1832 1677 1832 1680 1832 1682 1832 1755 1822 1808 1837 1811 1837 1813 1837 1898 1827 2005 1849 2007 1849 2010 1849 2068 1832 2071 1832 2260 1856 2262 1856 2265 1856 2323 1839 2328 1839 2335 1839 2430 1859 2432 1859 2493 1844 2496 1832 2496 1771 2391 1745 2245 1742 2243 1742 2241 1742 2238 1742 2221 1757 2187 1742 2185 1742 2182 1742 2180 1742 2134 1757 2126 1759 2117 1757 2090 1747 2088 1747 2085 1747 2083 1747 2058 1754 2049 1757 2041 1754 2003 1733 2000 1733 1908 1730 1906 1730 1903 1730 1901 1730 1872 1747 1864 1752 1845 1747 1811 1737 1808 1737 1806 1737 1804 1737 1784 1745 1767 1750 1612 1747 1592 1737 1556 1723 1553 1723 1551 1723 1549 1723 1515 1733 1515 1803"/></Shape>
	    <String CONTENT="S õt arceuesq̃s et euesq̃s ocis" HPOS="1512.0" VPOS="1723.0" WIDTH="984.0" HEIGHT="136.0"/>
          </TextLine>

          
          
          <TextLine ID="eSc_line_c6e2882b" TAGREFS="LT1923" BASELINE="1519 1883 2447 1900" HPOS="1517.0" VPOS="1805.0" WIDTH="930.0" HEIGHT="129.0">
            <Shape><Polygon POINTS="2126 1822 2102 1822 2100 1820 2088 1827 2066 1839 1954 1839 1932 1822 1932 1820 1930 1820 1927 1820 1925 1820 1915 1820 1847 1834 1801 1815 1794 1813 1787 1813 1767 1813 1753 1815 1699 1822 1668 1810 1665 1810 1663 1810 1660 1810 1658 1810 1592 1830 1570 1810 1570 1808 1568 1808 1566 1808 1519 1805 1519 1883 1517 1898 1711 1902 1716 1907 1733 1922 1736 1922 1738 1922 1740 1922 1811 1910 1830 1907 1835 1912 1847 1922 1847 1924 1850 1924 1852 1924 1855 1924 1857 1924 1889 1915 1906 1907 1918 1915 1937 1927 1939 1927 1942 1927 2049 1929 2180 1932 2182 1932 2185 1932 2199 1927 2214 1919 2275 1929 2316 1934 2318 1934 2321 1934 2323 1934 2328 1932 2347 1917 2442 1934 2447 1900 2447 1844 2313 1830 2311 1830 2309 1830 2306 1830 2299 1837 2292 1842 2282 1837 2267 1830 2265 1830 2262 1830 2231 1834 2182 1842 2153 1830 2131 1822 2126 1822"/></Shape>
	    <String CONTENT="D e ch̾rs a ici tielz .xx ͫ." HPOS="1517.0" VPOS="1805.0" WIDTH="930.0" HEIGHT="129.0"/>
          </TextLine>

          
          
          <TextLine ID="eSc_line_e7789da9" TAGREFS="LT1923" BASELINE="1515 1968 1770 1968 2585 2004" HPOS="1512.0" VPOS="1885.0" WIDTH="1073.0" HEIGHT="153.0">
            <Shape><Polygon POINTS="1697 1888 1694 1888 1692 1888 1643 1900 1631 1902 1619 1900 1575 1885 1566 1885 1553 1885 1515 1893 1515 1968 1512 1992 1624 1980 1694 2002 1697 2002 1699 2002 1806 1987 1855 2004 1857 2004 1859 2004 1862 2004 1901 1992 2054 2009 2056 2009 2102 2000 2124 2017 2126 2017 2129 2017 2207 2021 2209 2021 2279 2007 2338 2029 2343 2029 2345 2029 2347 2029 2350 2029 2352 2029 2403 2012 2435 2031 2437 2031 2440 2031 2442 2031 2445 2031 2513 2019 2530 2034 2530 2036 2532 2036 2534 2036 2537 2038 2583 2038 2585 2004 2585 1944 2432 1936 2415 1919 2415 1917 2413 1917 2411 1917 2408 1917 2406 1917 2357 1932 2352 1934 2345 1932 2313 1917 2311 1917 2309 1917 2204 1924 2182 1927 2177 1924 2163 1912 2163 1910 2160 1910 2158 1910 2156 1910 2000 1917 1964 1917 1956 1915 1935 1898 1932 1898 1930 1898 1927 1898 1925 1898 1874 1910 1869 1912 1867 1910 1850 1898 1850 1895 1847 1895 1845 1895 1842 1895 1774 1905 1762 1907 1753 1905 1699 1888 1697 1888"/></Shape>
	    <String CONTENT="N õt palefroi ne chal ne roncin" HPOS="1512.0" VPOS="1885.0" WIDTH="1073.0" HEIGHT="153.0"/>
          </TextLine>

          
          
          <TextLine ID="eSc_line_a3fbfb46" TAGREFS="LT1923" BASELINE="1507 2051 2595 2077" HPOS="1505.0" VPOS="1980.0" WIDTH="1090.0" HEIGHT="126.0">
            <Shape><Polygon POINTS="2479 2002 2466 2000 2440 2014 2403 1997 2401 1997 2398 1997 2396 1997 2394 1997 2372 2017 2294 2017 2255 2017 2253 2014 2231 2000 2228 2000 2226 2000 2224 2000 2168 2012 2165 2012 2107 1990 2105 1990 1973 1987 1971 1987 1969 1987 1966 1987 1966 1990 1947 2007 1825 2007 1823 2004 1799 1983 1796 1983 1794 1983 1791 1983 1789 1983 1736 2000 1675 2000 1651 2000 1646 2000 1578 1980 1575 1980 1573 1980 1570 1980 1568 1980 1568 1983 1551 1997 1549 1997 1507 1997 1507 2051 1505 2067 1704 2089 1706 2089 1884 2077 1898 2077 1906 2077 2000 2097 2003 2097 2073 2082 2075 2082 2131 2099 2134 2099 2136 2099 2139 2099 2175 2084 2233 2101 2236 2101 2238 2101 2304 2089 2420 2106 2423 2106 2593 2092 2595 2077 2595 2024 2486 2002 2479 2002"/></Shape>
	    <String CONTENT="P renez conseil bon ⁊ loial ⁊ fin" HPOS="1505.0" VPOS="1980.0" WIDTH="1090.0" HEIGHT="126.0"/>
          </TextLine>

          
          
          <TextLine ID="eSc_line_087cc3d5" TAGREFS="LT1923" BASELINE="1507 2131 2692 2155" HPOS="1505.0" VPOS="2060.0" WIDTH="1187.0" HEIGHT="134.0">
            <Shape><Polygon POINTS="2576 2077 2551 2077 2527 2077 2522 2077 2520 2077 2517 2077 2488 2097 2481 2101 2469 2097 2413 2077 2411 2077 2408 2077 2406 2077 2364 2094 2352 2099 2326 2094 2272 2084 2270 2084 2267 2084 2265 2084 2255 2092 2233 2075 2233 2072 2231 2072 2228 2072 2226 2072 2224 2072 2160 2092 2151 2094 2146 2092 2102 2065 2090 2065 2039 2089 2039 2092 1954 2092 1952 2089 1918 2063 1915 2063 1913 2063 1872 2060 1847 2060 1823 2060 1806 2060 1804 2060 1801 2060 1799 2060 1779 2077 1731 2063 1728 2063 1726 2063 1723 2063 1648 2082 1641 2084 1636 2082 1590 2063 1587 2063 1585 2063 1583 2063 1580 2063 1556 2082 1553 2082 1507 2082 1507 2131 1505 2165 1609 2150 1699 2150 1731 2172 1733 2174 1736 2174 1738 2174 1740 2174 1743 2174 1745 2174 1745 2172 1748 2172 1767 2155 1859 2155 1910 2155 1930 2174 1932 2177 1932 2179 1935 2179 1937 2179 1939 2179 1942 2179 1954 2177 2005 2160 2024 2177 2027 2179 2029 2179 2032 2179 2034 2179 2051 2177 2129 2165 2151 2179 2156 2184 2158 2184 2160 2184 2505 2191 2508 2191 2510 2191 2513 2191 2520 2186 2547 2169 2576 2186 2585 2194 2588 2194 2590 2194 2593 2194 2622 2186 2665 2177 2682 2189 2692 2155 2692 2101 2580 2075 2578 2075 2576 2075 2576 2077"/></Shape>
	    <String CONTENT="M arquoi se puissẽt sauuer ⁊ garãtir" HPOS="1505.0" VPOS="2060.0" WIDTH="1187.0" HEIGHT="134.0"/>
          </TextLine>

          
          
          <TextLine ID="eSc_line_e3f56f03" TAGREFS="LT1923" BASELINE="1502 2211 2561 2235" HPOS="1500.0" VPOS="2145.0" WIDTH="1061.0" HEIGHT="122.0">
            <Shape><Polygon POINTS="1502 2211 1500 2223 1607 2242 1609 2242 1612 2242 1663 2230 1670 2230 1923 2233 1935 2237 2029 2262 2032 2262 2211 2264 2214 2264 2216 2264 2219 2264 2241 2247 2265 2267 2267 2267 2270 2267 2272 2267 2559 2254 2561 2235 2561 2184 2539 2169 2537 2169 2534 2169 2532 2169 2403 2179 2350 2165 2347 2165 2345 2165 2173 2174 2141 2155 2139 2155 2136 2155 2134 2155 2131 2155 2129 2155 2102 2174 2061 2174 1964 2174 1961 2172 1927 2150 1925 2150 1923 2150 1835 2150 1833 2150 1830 2150 1804 2165 1787 2152 1784 2152 1782 2152 1779 2152 1777 2152 1774 2152 1753 2167 1719 2145 1716 2145 1714 2145 1711 2145 1709 2145 1658 2165 1655 2165 1653 2165 1568 2150 1566 2150 1502 2160 1502 2211"/></Shape>
	    <String CONTENT="O u si q̃ nõ ie uoꝰ rent le pais" HPOS="1500.0" VPOS="2145.0" WIDTH="1061.0" HEIGHT="122.0"/>
          </TextLine>

          
          
          <TextLine ID="eSc_line_4bad0cb8" TAGREFS="LT1923" BASELINE="1500 2303 2627 2320" HPOS="1498.0" VPOS="2223.0" WIDTH="1129.0" HEIGHT="128.0">
            <Shape><Polygon POINTS="1500 2303 1498 2315 1614 2337 1617 2337 1619 2337 1672 2322 1682 2320 1748 2320 1755 2325 1765 2334 1767 2334 1770 2334 1772 2334 1774 2334 1801 2325 1821 2320 2056 2322 2073 2334 2085 2344 2088 2344 2090 2344 2143 2347 2146 2347 2323 2342 2564 2337 2619 2351 2627 2320 2624 2259 2503 2259 2493 2254 2462 2235 2459 2235 2457 2235 2454 2235 2452 2235 2418 2252 2408 2259 2333 2259 2316 2250 2301 2245 2299 2245 2296 2245 2197 2247 2022 2252 2010 2242 2003 2237 2003 2235 2000 2235 1998 2235 1995 2235 1993 2235 1976 2242 1959 2247 1954 2240 1939 2230 1939 2228 1937 2228 1935 2228 1932 2228 1743 2235 1672 2237 1668 2233 1660 2228 1660 2225 1658 2225 1655 2225 1653 2225 1651 2225 1648 2225 1648 2228 1641 2233 1629 2245 1592 2233 1568 2223 1566 2223 1563 2223 1500 2228 1500 2303"/></Shape>
	    <String CONTENT="S i mẽfuirai ꝯ .i. autre chetis" HPOS="1498.0" VPOS="2223.0" WIDTH="1129.0" HEIGHT="128.0"/>
          </TextLine>

          
          
          <TextLine ID="eSc_line_d21cab8d" TAGREFS="LT1923" BASELINE="1507 2376 2568 2393" HPOS="1505.0" VPOS="2305.0" WIDTH="1063.0" HEIGHT="122.0">
            <Shape><Polygon POINTS="2066 2313 2041 2313 2027 2317 2012 2322 1993 2315 1981 2310 1969 2310 1944 2310 1920 2310 1896 2310 1872 2310 1847 2310 1823 2310 1799 2308 1789 2308 1770 2315 1714 2308 1702 2308 1677 2308 1658 2305 1590 2322 1532 2305 1532 2305 1507 2305 1507 2376 1505 2390 1658 2415 1660 2417 1760 2417 1760 2415 1762 2415 1799 2395 1804 2393 1811 2395 1828 2405 1830 2405 1833 2405 2020 2400 2095 2398 2109 2400 2182 2422 2185 2422 2187 2424 2241 2424 2241 2422 2243 2422 2245 2422 2245 2419 2265 2402 2304 2415 2306 2415 2309 2415 2360 2405 2372 2402 2377 2405 2413 2427 2415 2427 2418 2427 2420 2427 2534 2424 2537 2424 2566 2407 2568 2393 2566 2339 2483 2322 2481 2322 2479 2322 2445 2334 2430 2337 2367 2330 2306 2325 2304 2325 2258 2327 2136 2332 2102 2320 2080 2313 2066 2313"/></Shape>
	    <String CONTENT="D olẽt sont tuit qnͣt ice ont di" HPOS="1505.0" VPOS="2305.0" WIDTH="1063.0" HEIGHT="122.0"/>
          </TextLine>

          
          
          <TextLine ID="eSc_line_146d6571" TAGREFS="LT1923" BASELINE="1505 2466 2445 2458" HPOS="1502.0" VPOS="2381.0" WIDTH="943.0" HEIGHT="116.0">
            <Shape><Polygon POINTS="2377 2390 2352 2390 2347 2390 2316 2398 2311 2398 2306 2398 2284 2390 2279 2390 2255 2388 2250 2388 2243 2395 2241 2398 2211 2395 2129 2388 2126 2388 2075 2393 2017 2400 2007 2393 2000 2385 1988 2385 1964 2385 1939 2383 1915 2383 1891 2383 1867 2383 1842 2383 1818 2383 1806 2381 1787 2388 1757 2400 1607 2402 1575 2385 1573 2383 1570 2383 1568 2383 1566 2383 1502 2383 1505 2466 1507 2497 1592 2475 1682 2495 1685 2495 1687 2495 1689 2495 1689 2492 1692 2492 1699 2483 1772 2490 1774 2490 1777 2490 1818 2473 1901 2473 1927 2492 1930 2492 1932 2492 1935 2492 1937 2492 1976 2475 2187 2470 2241 2490 2243 2490 2245 2490 2328 2475 2440 2490 2445 2458 2440 2400 2396 2390 2377 2390"/></Shape>
	    <String CONTENT="N ia celui qͥ ne fut esbahi" HPOS="1502.0" VPOS="2381.0" WIDTH="943.0" HEIGHT="116.0"/>
          </TextLine>

          
          
          <TextLine ID="eSc_line_3e272157" TAGREFS="LT1923" BASELINE="1510 2538 2673 2526" HPOS="1507.0" VPOS="2449.0" WIDTH="1166.0" HEIGHT="111.0">
            <Shape><Polygon POINTS="2357 2461 2340 2461 2323 2475 2211 2475 2194 2461 2187 2461 2163 2461 2139 2461 2114 2463 2090 2463 2066 2463 2041 2463 2017 2463 2012 2463 1935 2478 1915 2463 1896 2463 1872 2463 1847 2463 1823 2463 1799 2466 1774 2466 1750 2466 1743 2466 1653 2480 1612 2466 1604 2466 1580 2466 1561 2466 1507 2483 1510 2538 1510 2560 2207 2543 2216 2548 2236 2555 2238 2555 2241 2555 2243 2555 2262 2546 2267 2543 2272 2546 2287 2555 2289 2555 2292 2555 2294 2558 2440 2558 2440 2555 2571 2541 2634 2553 2636 2553 2639 2553 2673 2536 2673 2526 2668 2473 2564 2449 2457 2449 2454 2449 2452 2449 2449 2449 2449 2451 2423 2475 2374 2475 2360 2461 2357 2461"/></Shape>
	    <String CONTENT="C une plorust des bia ᷤᷤ yelx de sõ uis" HPOS="1507.0" VPOS="2449.0" WIDTH="1166.0" HEIGHT="111.0"/>
          </TextLine>

          
          
          <TextLine ID="eSc_line_2a784a51" TAGREFS="LT1923" BASELINE="1733 2599 2738 2611" HPOS="1731.0" VPOS="2529.0" WIDTH="1007.0" HEIGHT="106.0">
            <Shape><Polygon POINTS="2559 2529 2534 2529 2520 2529 2391 2546 2379 2546 2369 2546 2304 2531 2292 2531 2267 2531 2243 2531 2241 2531 2192 2543 2187 2543 2182 2543 2156 2534 2146 2534 2122 2534 2097 2534 2073 2534 2049 2534 2024 2534 2000 2534 1976 2534 1952 2536 1927 2536 1903 2536 1879 2536 1855 2536 1830 2536 1806 2536 1787 2536 1733 2536 1733 2538 1733 2599 1731 2614 2733 2635 2738 2611 2738 2551 2561 2529 2559 2529"/></Shape>
	    <String CONTENT="i apostoles seu est en piez leuez" HPOS="1731.0" VPOS="2529.0" WIDTH="1007.0" HEIGHT="106.0"/>
          </TextLine>

          
          
          <TextLine ID="eSc_line_ec0986f9" TAGREFS="LT1923" BASELINE="1721 2679 2777 2696" HPOS="1719.0" VPOS="2601.0" WIDTH="1058.0" HEIGHT="124.0">
            <Shape><Polygon POINTS="2493 2609 2491 2609 2488 2609 2435 2618 2394 2626 2357 2618 2306 2606 2304 2606 2301 2606 2299 2606 2282 2618 2277 2621 2270 2618 2243 2606 2241 2606 2238 2606 2175 2616 2117 2604 2114 2604 2112 2604 2109 2604 2095 2616 2092 2618 2080 2616 2007 2604 1988 2604 1986 2604 1971 2616 1966 2621 1906 2621 1898 2616 1869 2601 1867 2601 1842 2601 1838 2601 1721 2614 1721 2679 1719 2699 1777 2711 1779 2711 1782 2711 1784 2711 1794 2701 1801 2696 1823 2703 1845 2708 1847 2708 1850 2708 1879 2703 1906 2699 1913 2703 1920 2711 1920 2713 1923 2713 1925 2713 1927 2713 2017 2708 2109 2701 2126 2711 2139 2716 2141 2716 2143 2716 2192 2711 2279 2703 2306 2716 2321 2720 2323 2720 2326 2720 2328 2720 2345 2716 2377 2706 2403 2718 2413 2720 2415 2720 2418 2720 2449 2718 2539 2708 2559 2720 2561 2723 2564 2723 2566 2723 2568 2723 2597 2723 2719 2713 2770 2725 2777 2696 2775 2621 2527 2628 2510 2618 2496 2609 2493 2609"/></Shape>
	    <String CONTENT="Tẽdrem̃t pleure sa sagẽt appellez" HPOS="1719.0" VPOS="2601.0" WIDTH="1058.0" HEIGHT="124.0"/>
          </TextLine>

          
          
          <TextLine ID="eSc_line_bcb8e851" TAGREFS="LT1923" BASELINE="1536 2762 2646 2776" HPOS="1534.0" VPOS="2682.0" WIDTH="1112.0" HEIGHT="121.0">
            <Shape><Polygon POINTS="2406 2691 2403 2691 2401 2691 2377 2696 2313 2711 2292 2696 2282 2689 2279 2689 2277 2689 2275 2689 2199 2696 2148 2701 2097 2696 2000 2686 1998 2686 1995 2686 1966 2696 1939 2706 1789 2706 1767 2696 1723 2682 1721 2682 1719 2682 1716 2682 1685 2696 1675 2701 1536 2699 1536 2762 1534 2774 1600 2791 1602 2791 1604 2791 1648 2779 1655 2776 1665 2779 1719 2793 1721 2793 1723 2793 1845 2784 1901 2779 1910 2786 1925 2796 1927 2796 1930 2796 1932 2796 2017 2788 2088 2781 2119 2791 2143 2798 2146 2798 2148 2798 2151 2798 2153 2798 2163 2791 2180 2784 2262 2784 2641 2803 2646 2776 2641 2696 2585 2716 2491 2716 2479 2703 2479 2701 2476 2701 2474 2701 2471 2701 2469 2701 2430 2711 2413 2696 2408 2691 2406 2691"/></Shape>
	    <String CONTENT="Seigno̾s dit il q̃l ꝯseil me donnez" HPOS="1534.0" VPOS="2682.0" WIDTH="1112.0" HEIGHT="121.0"/>
          </TextLine>

          
          
          <TextLine ID="eSc_line_ec35e615" TAGREFS="LT1923" BASELINE="1604 2837 2658 2854" HPOS="1602.0" VPOS="2767.0" WIDTH="1056.0" HEIGHT="111.0">
            <Shape><Polygon POINTS="2284 2774 2267 2771 2250 2771 2236 2771 2211 2771 2194 2771 2177 2784 2073 2769 2066 2769 2044 2769 2012 2781 1973 2769 1971 2769 1969 2769 1966 2769 1944 2781 1942 2781 1918 2781 1750 2767 1748 2767 1604 2774 1604 2837 1602 2849 1634 2864 1636 2864 1638 2864 1745 2851 1755 2864 1757 2864 1757 2866 1760 2866 1762 2866 1765 2866 1889 2854 1913 2866 1915 2866 1918 2866 2100 2859 2136 2871 2139 2871 2141 2871 2143 2871 2146 2871 2163 2859 2228 2871 2231 2871 2284 2861 2357 2876 2360 2876 2474 2866 2634 2878 2636 2878 2639 2878 2641 2878 2656 2864 2658 2854 2658 2793 2296 2774 2284 2774"/></Shape>
	    <String CONTENT="l est bñ drois q̃ del uost̾ imettez" HPOS="1602.0" VPOS="2767.0" WIDTH="1056.0" HEIGHT="111.0"/>
          </TextLine>

          
          
          <TextLine ID="eSc_line_33497d59" TAGREFS="LT1923" BASELINE="1544 2910 2653 2924" HPOS="1541.0" VPOS="2837.0" WIDTH="1112.0" HEIGHT="121.0">
            <Shape><Polygon POINTS="2588 2854 2578 2854 2561 2866 2556 2868 2471 2868 2462 2864 2425 2851 2418 2851 2394 2851 2384 2851 2338 2861 2321 2864 2309 2859 2277 2849 2272 2849 2248 2849 2224 2849 2216 2847 2148 2856 2100 2861 2080 2854 2063 2849 2061 2849 2058 2849 2056 2849 2039 2854 2024 2859 2015 2854 1995 2844 1981 2844 1976 2844 1947 2851 1937 2854 1930 2851 1913 2844 1908 2844 1884 2842 1859 2842 1835 2842 1816 2842 1806 2849 1801 2854 1779 2849 1738 2839 1738 2839 1714 2839 1687 2847 1658 2854 1643 2844 1634 2839 1617 2839 1614 2837 1544 2842 1544 2910 1541 2927 1607 2939 1609 2939 1612 2939 1614 2939 1624 2929 1629 2927 1716 2927 1723 2934 1736 2941 1736 2944 1738 2944 1740 2944 1743 2944 1745 2944 1748 2944 1762 2934 1806 2949 1808 2949 1811 2949 1903 2939 1964 2932 2073 2936 2080 2944 2092 2953 2095 2953 2097 2953 2100 2953 2102 2953 2122 2944 2134 2939 2156 2946 2185 2953 2187 2953 2190 2953 2192 2953 2194 2953 2204 2946 2214 2939 2224 2946 2228 2951 2231 2951 2233 2951 2236 2951 2238 2951 2250 2949 2292 2936 2313 2949 2313 2951 2316 2951 2318 2951 2321 2951 2333 2951 2428 2936 2457 2953 2462 2958 2464 2958 2466 2958 2469 2958 2496 2956 2566 2944 2648 2958 2653 2924 2653 2866 2600 2854 2588 2854"/></Shape>
	    <String CONTENT="Et faisõs tant q̃ ilz soient armez" HPOS="1541.0" VPOS="2837.0" WIDTH="1112.0" HEIGHT="121.0" WC="0.972336304187775"/>
          </TextLine>

          
          
          <TextLine ID="eSc_line_30a39b98" TAGREFS="LT1923" BASELINE="1570 3002 2561 3009" HPOS="1568.0" VPOS="2922.0" WIDTH="993.0" HEIGHT="109.0">
            <Shape><Polygon POINTS="1570 3002 1568 3021 2129 3017 2163 3029 2165 3029 2168 3029 2170 3029 2214 3017 2224 3029 2226 3029 2226 3031 2228 3031 2231 3031 2233 3031 2236 3031 2241 3031 2267 3019 2556 3031 2561 3009 2559 2951 2381 2927 2379 2927 2377 2927 2374 2927 2374 2929 2360 2944 2296 2949 2275 2949 2267 2949 2180 2924 2177 2924 2175 2924 2173 2924 2170 2924 2143 2946 2085 2924 2083 2924 2080 2924 2078 2924 2017 2946 2015 2946 2012 2946 1961 2924 1959 2924 1956 2924 1842 2944 1799 2922 1796 2922 1704 2922 1702 2922 1699 2922 1697 2922 1697 2924 1677 2944 1675 2944 1570 2944 1570 3002"/></Shape>
	    <String CONTENT="S orbiax ch̾ax corans ⁊ abuez" HPOS="1568.0" VPOS="2922.0" WIDTH="993.0" HEIGHT="109.0"/>
          </TextLine>

          
          
          <TextLine ID="eSc_line_e51c4c7d" TAGREFS="LT1923" BASELINE="1573 3084 2597 3077" HPOS="1570.0" VPOS="3007.0" WIDTH="1027.0" HEIGHT="107.0">
            <Shape><Polygon POINTS="2420 3009 2396 3009 2372 3009 2340 3019 2292 3009 2275 3009 2250 3009 2238 3007 2231 3014 2119 3007 2105 3007 2080 3007 2071 3007 2022 3029 1956 3029 1908 3029 1903 3029 1685 3007 1682 3007 1680 3007 1677 3007 1677 3009 1653 3029 1592 3012 1590 3012 1587 3012 1585 3012 1583 3012 1583 3014 1570 3024 1573 3084 1575 3114 1629 3097 1668 3111 1670 3111 1672 3111 1745 3099 1884 3111 1886 3111 1889 3111 1930 3094 2061 3109 2063 3109 2165 3094 2233 3109 2236 3109 2326 3092 2464 3106 2466 3106 2469 3106 2510 3092 2527 3106 2530 3106 2532 3106 2534 3109 2595 3109 2597 3077 2590 3024 2479 3024 2474 3024 2425 3009 2420 3009"/></Shape>
	    <String CONTENT="U estez bien soffrir le poez" HPOS="1570.0" VPOS="3007.0" WIDTH="1027.0" HEIGHT="107.0"/>
          </TextLine>

          
          
          <TextLine ID="eSc_line_f973ba20" TAGREFS="LT1923" BASELINE="1570 3172 2695 3160" HPOS="1568.0" VPOS="3075.0" WIDTH="1127.0" HEIGHT="121.0">
            <Shape><Polygon POINTS="2491 3080 2483 3080 2459 3089 2442 3094 2401 3089 2323 3080 2321 3080 2296 3080 2289 3080 2207 3094 2185 3097 2180 3094 2165 3082 2151 3082 2126 3082 2102 3082 2078 3082 2071 3082 2051 3094 2027 3082 2005 3082 1981 3082 1976 3082 1634 3101 1607 3084 1604 3084 1602 3084 1600 3084 1597 3084 1595 3084 1568 3099 1570 3172 1570 3196 1706 3184 1789 3196 1791 3196 1794 3196 1830 3182 2182 3191 2185 3191 2253 3177 2690 3186 2695 3160 2690 3084 2631 3075 2629 3075 2573 3087 2544 3092 2532 3087 2513 3080 2491 3080"/></Shape>
	    <String CONTENT="L i arceuesq̃s de rains se est leuez" HPOS="1568.0" VPOS="3075.0" WIDTH="1127.0" HEIGHT="121.0"/>
          </TextLine>

          
          
          <TextLine ID="eSc_line_0d4571ff" TAGREFS="LT1923" BASELINE="1575 3262 2692 3245" HPOS="1573.0" VPOS="3162.0" WIDTH="1119.0" HEIGHT="126.0">
            <Shape><Polygon POINTS="2617 3162 2593 3162 2568 3162 2564 3162 2474 3174 2471 3174 2469 3174 2403 3165 2398 3165 2374 3165 2350 3165 2340 3165 2267 3177 2228 3165 2228 3167 2204 3167 2197 3167 2175 3179 2088 3167 2083 3167 2058 3167 2027 3182 1998 3169 1995 3169 1993 3169 1925 3182 1898 3169 1889 3169 1869 3169 1755 3184 1597 3172 1595 3172 1592 3172 1590 3172 1573 3184 1575 3262 1575 3279 1646 3274 1665 3279 1692 3288 1694 3288 1697 3288 1699 3288 1716 3279 1736 3271 1799 3271 1823 3279 1847 3288 1850 3288 1852 3288 1906 3279 1961 3269 1973 3279 1981 3284 1981 3286 1983 3286 1986 3286 1988 3288 2054 3288 2054 3286 2056 3286 2058 3286 2068 3279 2085 3269 2148 3279 2170 3281 2173 3281 2175 3281 2182 3279 2219 3264 2241 3279 2243 3281 2245 3281 2248 3281 2250 3281 2253 3281 2255 3281 2258 3279 2279 3267 2347 3279 2369 3281 2372 3281 2401 3279 2534 3259 2549 3271 2551 3271 2554 3271 2556 3271 2559 3271 2561 3271 2578 3259 2690 3276 2692 3245 2687 3172 2631 3162 2617 3162"/></Shape>
	    <String CONTENT="S ire apostole quest ce q̃ dit auez" HPOS="1573.0" VPOS="3162.0" WIDTH="1119.0" HEIGHT="126.0"/>
          </TextLine>

          
          
          <TextLine ID="eSc_line_b1197c2e" TAGREFS="LT1923" BASELINE="1587 3351 2738 3339" HPOS="1585.0" VPOS="3250.0" WIDTH="1153.0" HEIGHT="143.0">
            <Shape><Polygon POINTS="2505 3250 2428 3264 2413 3254 2411 3254 2408 3254 2406 3254 2403 3254 2401 3254 2379 3271 2318 3254 2316 3254 2313 3254 2311 3254 2270 3274 2267 3274 2262 3274 2190 3257 2187 3257 2185 3257 2146 3274 2143 3274 2139 3274 2061 3264 2058 3264 2056 3264 2032 3274 2027 3276 2022 3274 1976 3257 1973 3257 1949 3257 1925 3257 1901 3257 1876 3259 1852 3259 1821 3276 1813 3279 1806 3276 1757 3259 1755 3259 1736 3259 1585 3276 1587 3351 1587 3393 1942 3356 2024 3383 2027 3383 2029 3383 2032 3383 2034 3383 2073 3354 2199 3354 2216 3371 2216 3373 2219 3373 2221 3373 2224 3373 2226 3373 2282 3354 2449 3368 2452 3368 2520 3354 2568 3381 2571 3381 2573 3383 2736 3383 2738 3339 2733 3271 2508 3250 2505 3250"/></Shape>
	    <String CONTENT="N el coneudroit po᷑ .m. mars dor pͥsez" HPOS="1585.0" VPOS="3250.0" WIDTH="1153.0" HEIGHT="143.0"/>
          </TextLine>

          
          
          <TextLine ID="eSc_line_2da189a4" TAGREFS="LT1923" BASELINE="1570 3436 2515 3424" HPOS="1568.0" VPOS="3344.0" WIDTH="947.0" HEIGHT="117.0">
            <Shape><Polygon POINTS="2345 3344 2321 3344 2296 3344 2272 3347 2248 3347 2231 3347 2224 3354 2185 3347 2175 3347 2151 3347 2126 3347 2117 3347 2102 3361 2083 3361 2024 3361 2022 3361 1978 3349 1956 3349 1932 3349 1918 3349 1908 3354 1901 3349 1884 3349 1869 3349 1859 3354 1842 3349 1835 3349 1811 3351 1799 3351 1779 3359 1772 3351 1762 3351 1738 3351 1716 3351 1568 3366 1570 3436 1570 3453 1767 3458 1770 3458 1772 3458 1774 3458 1779 3453 1791 3446 1828 3453 1862 3461 1864 3461 1927 3453 2012 3444 2022 3453 2027 3456 2027 3458 2029 3458 2032 3458 2034 3461 2124 3461 2124 3458 2126 3458 2129 3458 2129 3456 2134 3453 2148 3441 2248 3453 2262 3453 2265 3453 2272 3453 2333 3439 2513 3451 2515 3424 2510 3356 2347 3344 2345 3344"/></Shape>
	    <String CONTENT="Qͥ meissons .ii. d̾ monnoiez" HPOS="1568.0" VPOS="3344.0" WIDTH="947.0" HEIGHT="117.0"/>
          </TextLine>

          
          
          <TextLine ID="eSc_line_6401a0ba" TAGREFS="LT1923" BASELINE="1580 3519 2646 3504" HPOS="1578.0" VPOS="3422.0" WIDTH="1068.0" HEIGHT="121.0">
            <Shape><Polygon POINTS="2258 3429 2233 3429 2209 3429 2199 3429 2143 3441 2109 3449 2088 3441 2075 3436 2073 3436 2071 3436 2034 3441 1983 3449 1976 3441 1964 3432 1942 3434 1937 3434 1913 3441 1876 3453 1755 3453 1733 3441 1726 3436 1723 3436 1709 3436 1702 3441 1677 3453 1646 3441 1636 3436 1634 3436 1631 3436 1578 3439 1580 3519 1580 3531 1702 3543 1704 3543 1706 3543 1709 3543 1709 3541 1721 3531 1723 3531 1845 3538 1847 3538 1952 3526 1971 3526 1983 3526 2092 3538 2095 3538 2158 3524 2165 3524 2175 3524 2267 3536 2270 3536 2644 3517 2646 3504 2641 3444 2566 3444 2566 3441 2544 3424 2544 3422 2542 3422 2539 3422 2537 3422 2534 3422 2483 3436 2279 3429 2258 3429"/></Shape>
	    <String CONTENT="C ar a toudiz seroit acoustumez" HPOS="1578.0" VPOS="3422.0" WIDTH="1068.0" HEIGHT="121.0"/>
          </TextLine>

          
          
          <TextLine ID="eSc_line_b97cc364" TAGREFS="LT1923" BASELINE="1573 3599 2675 3587" HPOS="1570.0" VPOS="3507.0" WIDTH="1105.0" HEIGHT="143.0">
            <Shape><Polygon POINTS="2469 3507 2445 3509 2420 3509 2396 3509 2372 3509 2347 3509 2328 3509 2326 3509 2277 3526 2248 3512 2226 3512 2224 3512 2209 3526 2163 3512 2160 3512 2158 3512 2054 3529 2034 3514 2032 3514 2029 3514 2007 3514 1983 3514 1959 3514 1935 3514 1910 3517 1886 3517 1862 3517 1838 3517 1816 3517 1801 3526 1774 3517 1765 3517 1755 3517 1736 3534 1619 3519 1595 3519 1592 3517 1592 3517 1570 3531 1573 3599 1575 3650 1672 3621 1753 3621 1789 3645 1791 3645 1794 3645 1796 3648 1898 3648 1898 3645 1901 3645 1903 3645 1906 3643 1942 3618 2017 3640 2032 3643 2034 3643 2037 3645 2073 3645 2073 3643 2075 3643 2078 3643 2078 3640 2083 3638 2095 3623 2119 3635 2131 3643 2134 3643 2136 3643 2139 3643 2141 3643 2148 3635 2168 3618 2194 3635 2207 3643 2209 3643 2211 3643 2214 3643 2330 3640 2333 3640 2335 3640 2345 3631 2364 3616 2673 3621 2675 3587 2670 3526 2525 3526 2476 3507 2469 3507"/></Shape>
	    <String CONTENT="Tuit se  del ꝯseil st̾ t᷑nez" HPOS="1570.0" VPOS="3507.0" WIDTH="1105.0" HEIGHT="143.0"/>
          </TextLine>

          
        </TextBlock>
        
        <TextBlock HPOS="2502.0" VPOS="112.0" WIDTH="565.0" HEIGHT="776.0" ID="eSc_textblock_0f0bbaf2" TAGREFS="BT5593">
          <Shape><Polygon POINTS="2502 112 2502 888 3067 888 3067 112"/></Shape>
          
          
          <TextLine ID="eSc_line_ccc92e20" TAGREFS="LT1923" BASELINE="2505 250 3037 247" HPOS="2503.0" VPOS="150.0" WIDTH="534.0" HEIGHT="141.0">
            <Shape><Polygon POINTS="2505 250 2508 288 2556 269 2612 269 2631 286 2631 288 2634 288 2636 288 2639 291 2835 291 2835 288 2838 288 2840 288 2840 286 2845 283 2860 269 2901 281 2916 286 2918 286 2920 286 2923 286 2937 281 2976 269 3035 279 3037 247 3030 165 2908 167 2903 165 2884 150 2882 150 2879 150 2792 150 2789 150 2636 167 2629 167 2605 150 2602 150 2600 150 2597 150 2503 167 2505 250"/></Shape>
	    <String CONTENT="codes co" HPOS="2503.0" VPOS="150.0" WIDTH="534.0" HEIGHT="141.0"/>
          </TextLine>

          
          
          <TextLine ID="eSc_line_bc99ce41" BASELINE="2596 373 2987 373" HPOS="2593.0" VPOS="262.0" WIDTH="393.0" HEIGHT="211.0">
            <Shape><Polygon POINTS="2593 371 2593 473 2669 473 2669 469 2673 469 2676 469 2691 458 2720 436 2818 440 2880 440 2884 440 2986 415 2986 371 2986 291 2593 262 2593 371"/></Shape>
	    <String CONTENT="1560" HPOS="2593.0" VPOS="262.0" WIDTH="393.0" HEIGHT="211.0"/>
          </TextLine>

          
          
          <TextLine ID="eSc_line_3e053e69" BASELINE="2683 678 2942 673" HPOS="2673" VPOS="564" WIDTH="266" HEIGHT="153">
            <Shape><Polygon POINTS="2680 677 2680 717 2939 684 2939 669 2931 578 2706 564 2702 564 2698 564 2695 564 2673 575 2680 677"/></Shape>
	    <String CONTENT="7533" HPOS="2673" VPOS="564" WIDTH="266" HEIGHT="153"/>
          </TextLine>

          
          
          <TextLine ID="eSc_line_6295c682" BASELINE="2726 765 2879 765" HPOS="2724.0" VPOS="680.0" WIDTH="153.0" HEIGHT="277.0">
            <Shape><Polygon POINTS="2724 764 2724 957 2877 935 2877 764 2873 680 2724 691 2724 764"/></Shape>
	    <String CONTENT="2.2" HPOS="2724.0" VPOS="680.0" WIDTH="153.0" HEIGHT="277.0"/>
          </TextLine>

          
        </TextBlock>
        
        <TextBlock HPOS="2525.0" VPOS="38.0" WIDTH="26.0" HEIGHT="8.0" ID="eSc_textblock_f8586dc6" TAGREFS="BT5597">
          <Shape><Polygon POINTS="2551 38 2551 46 2525 46 2525 38"/></Shape>
          
        </TextBlock>
        
        <TextBlock HPOS="109.0" VPOS="156.0" WIDTH="906.0" HEIGHT="1015.0" ID="eSc_textblock_0842ed3f" TAGREFS="BT5591">
          <Shape><Polygon POINTS="1008 1156 1015 170 160 156 109 1171"/></Shape>
          
        </TextBlock>
        
        <TextBlock HPOS="1610.0" VPOS="3476.0" WIDTH="725.0" HEIGHT="552.0" ID="eSc_textblock_3b11bb47" TAGREFS="BT5599">
          <Shape><Polygon POINTS="2335 4028 2313 3476 1985 3509 1646 3542 1610 4028"/></Shape>
          
        </TextBlock>
        

        
      </PrintSpace>
    </Page>
  </Layout>
</alto>
