4145 5299
120.0 420.0 1231.0 277.0 Mal chief fait les membres doloir

117.0 665.0 966.0 135.0 ¶ Car tout se destruit ca et la

185.0 774.0 1039.0 123.0 Empereurs Roys noble uillain

185.0 877.0 1030.0 115.0 Ont pour ce guerre or y paira

179.0 947.0 989.0 139.0 Q̃  feront francois et Roomain

179.0 1048.0 930.0 111.0 Alemant et oultremontain

170.0 1124.0 986.0 130.0 Tous clercs deca ⁊ de la mer

182.0 1215.0 910.0 136.0 Crestiens estes cest amer

182.0 1310.0 1133.0 144.0 Faictes on uray pappe apparoir

179.0 1404.0 771.0 109.0 Et par concile declarer

176.0 1483.0 1081.0 153.0 Mal chief fait les m̃bres doloir

541.0 1725.0 398.0 147.0 Lenuoy.

100.0 1783.0 1401.0 245.0 ¶ Empereurs Roys ducs conte per

185.0 1978.0 910.0 132.0 Colleges estudes. non per

161.0 2072.0 1016.0 118.0 Faittes ce asme Remouuoir

179.0 2160.0 945.0 121.0 Et par raison determiner

188.0 2249.0 1083.0 126.0 Un seul pappe ou tout uoy finer

179.0 2340.0 1231.0 138.0 Mal chief fait les menbres doloir

438.0 2493.0 427.0 141.0 Balade.

370.0 2779.0 1125.0 147.0 e /qui souloit estre anciennement

206.0 2890.0 1386.0 142.0 Le plus chieri craint ⁊ plus honoure

138.0 2996.0 1166.0 124.0 Tant deglise com seculierement

161.0 3085.0 1278.0 129.0 Et par qui tout estoit bien gouuerne

147.0 3179.0 1165.0 124.0 En la court dieu en temporalite

150.0 3270.0 1307.0 130.0 Et q̃ chascun gardoit son corps debite

158.0 3358.0 1272.0 139.0 Est au iour dui de tous poins reboute

150.0 3456.0 1307.0 138.0 Car on ne hait fors les gens de Iustice

91.0 3544.0 1416.0 141.0 ¶ Ou temps Iadis faisoit on autrement

141.0 3635.0 1360.0 165.0 Car les bons clercs en loy ⁊ en decret

1745.0 685.0 992.0 136.0 De tout royal ⁊ de crestiente

1783.0 438.0 1272.0 300.0 Orent a donc tout le gouuernement

1742.0 780.0 1234.0 147.0 Tout a la bien estat leur fut donne

1751.0 871.0 1228.0 150.0 Sanz requerir. ⁊ tout grant bñfice

1751.0 962.0 1378.0 147.0 Or nont plus nen science est en uieulte

1745.0 1050.0 1278.0 154.0 Caron ne het fors les gens de iustice

1707.0 1142.0 1307.0 141.0 ¶ Et qui les het. Ly manieur dargent

1748.0 1239.0 1237.0 150.0 Quies estas sont plus auãt bonte

1748.0 1330.0 1334.0 153.0 Qui font le monde ⁊ le peuple indigẽt

1739.0 1427.0 1346.0 145.0 Fondent chasteauls ⁊ tantout acq̃ste

1742.0 1527.0 1316.0 112.0 Q̃ ꝑ eulx sont maint hõme a pourete

1742.0 1619.0 1487.0 129.0 Et les mauuais crueux plains de malice

1748.0 1722.0 1281.0 123.0 Sur les iuges ont leur uenin gette

1742.0 1798.0 1407.0 168.0 Caron ne het fors les gens de iustice

2063.0 1937.0 509.0 197.0 ᷤᷤLenuoy.

1663.0 2143.0 1195.0 170.0 ¶ Prince du tout uoy taire uerite

1757.0 2263.0 1219.0 124.0 Les non saichans auoir lauctorite

1751.0 2355.0 1119.0 132.0 Et li saichant nont estat noffice

1751.0 2449.0 1201.0 129.0 Mais diceuls sont li clerc suspedite

1751.0 2537.0 1148.0 130.0 Et li uaillant restraint ⁊ deboute

1754.0 2628.0 1337.0 174.0 Caron ne het fors les gens de iustice

2181.0 3082.0 648.0 147.0 utre balade.

1940.0 3270.0 950.0 144.0 ui/a le monde ainsi destruit

1925.0 3382.0 1266.0 162.0 Et par qui sueffre il tant de maulx

1804.0 3500.0 851.0 109.0 ele diray entendez tuit

1736.0 3573.0 1269.0 136.0 P uis quil uint tant decardinaulx

1716.0 3676.0 1177.0 212.0 De compteurs dedans papaulx

3070.0 450.0 394.0 162.0 .xiiiˣˣ.uii.

2993 4554 304 141 xxxu
