4145 5367
799.0 506.0 1359.0 191.0 Pour ce couuient q̃ mal nous uaingne

817.0 655.0 954.0 141.0 Tout est reuerse contreual

840.0 757.0 1134.0 125.0 On porte une aune de poulaine

831.0 852.0 1146.0 134.0 Et qui pis est chascuns se paine

829.0 945.0 990.0 125.0 De porter habis si trescours

837.0 1034.0 1083.0 125.0 Q̾ len uoit les culs tous les Iours

834.0 1130.0 1077.0 155.0 De pluseurs ainsis sappareille

843.0 1228.0 1104.0 131.0 Qi qẽ fin nos cris et noz plours

831.0 1314.0 1310.0 135.0 Du temps qui court ay gnͣt m̾ueille

751.0 1407.0 1094.0 134.0 ⁋ Tous uices sont en general

837.0 1505.0 1333.0 122.0 Mais uertus nest qua nous remaingne

840.0 1598.0 1271.0 125.0 Chascuns ueult auoir grant cheual

829.0 1690.0 1258.0 140.0 Et graantestat ou quom le praingne

826.0 1791.0 1109.0 138.0 Pourete le peuple mehaingne

834.0 1896.0 973.0 122.0 Si faulra cesser telz a tours

849.0 1982.0 1041.0 134.0 Pensez de uoz brebis pastours

843.0 2075.0 1235.0 128.0 Qͥ mout les loups pres de loreille

834.0 2194.0 1146.0 107.0 Ou auoir ny pourrez Recours

823.0 2269.0 1395.0 161.0 Du temps qui court ay grant m̾ueille

1368.0 2412.0 391.0 143.0 Lenuoy:

739.0 2546.0 1348.0 149.0 ⁋ Prince congnoissance est la flours

802.0 2665.0 1306.0 110.0 Daimer dieu. uaillance et honnours

805.0 2752.0 1058.0 125.0 Et raison qui na sa pareille

805.0 2844.0 1133.0 119.0 Prenez les com uoz ancesours

831.0 2927.0 1196.0 123.0 Firent. par eulx serez ressours

829.0 3026.0 1335.0 143.0 Du temps qui court ay gñt m̾ueille

1341.0 3202.0 737.0 182.0 ⁊ Balade qui parle

1380.0 3312.0 770.0 206.0 sur lestat de religiõn

1055.0 3473.0 764.0 176.0 uis que religion cessa

942.0 3589.0 1228.0 152.0 Et que prestre furent mondain

796.0 3688.0 853.0 146.0 Et que leglise delaissa

817.0 3774.0 1055.0 209.0 Lestat pierre son souuerain

2513.0 548.0 1077.0 188.0 Symon giezi uint en sa main

2507.0 685.0 1080.0 146.0 Qui lui aprinst a marchander

2510.0 778.0 1071.0 149.0 A donc prinst le peuple aerrer

2525.0 876.0 966.0 134.0 haanes ⁊ guerres mouuoir

2504.0 969.0 1110.0 134.0 Ent̾ les princes cest tout cler

2501.0 1064.0 1220.0 134.0 Mal chief fait les membres doloir

2445.0 1162.0 900.0 123.0 ⁋ Depuis .lx. ans en enca

2498.0 1249.0 1059.0 128.0 Conuoitise a mis son leuain

2495.0 1338.0 1044.0 128.0 A la court dieu tant que pieca

2498.0 1434.0 987.0 131.0 ⁊ Bon clerc y sont ale en uain

2504.0 1541.0 1053.0 131.0 Science en est mise a lestrain

2504.0 1633.0 1062.0 111.0 Les non saichans uoit on leuer

2501.0 1723.0 1095.0 146.0 ꝑ faueur promettre ou donner

2510.0 1812.0 1125.0 135.0 Les bons ny puelent riens auoir

2484.0 1908.0 1040.0 134.0 Science ⁊ foy en fault cesser

2492.0 1994.0 1157.0 140.0 Mal chief fait les mẽbres doloir

2427.0 2090.0 1008.0 125.0 ¶ Se dolente heure sauanca

2492.0 2197.0 1202.0 134.0 Cilz qui pestrit aux gens tel pain

2484.0 2298.0 993.0 114.0 Dont diuision commenca

2489.0 2382.0 1041.0 134.0 Tant q̃ nr̃e loy tout a plain

2495.0 2483.0 1098.0 143.0 Est en gñt asme ⁊ gñt desdain

2487.0 2591.0 1055.0 131.0 Deux pappes se font aourer

2487.0 2677.0 1168.0 110.0 Dont il ne deust cun seul regner

2489.0 2769.0 1128.0 120.0 Q̾ ne font les roys leur deuoir

2487.0 2865.0 1160.0 104.0 Dun concille pour ce trouuer

2484.0 2945.0 1207.0 141.0 Malchief fait les membres doloir

2406.0 3041.0 1071.0 134.0 ⁋ Qui deux elections pensa

2472.0 3142.0 1112.0 137.0 Dantecrist fut lun pour c̾tain

2487.0 3241.0 936.0 137.0 Se la uraie par lui faussa

2498.0 3330.0 1068.0 140.0 I l nous germa ꝑilleus gram̃

2492.0 3428.0 993.0 108.0 Colleges nactendez demain

2495.0 3512.0 958.0 137.0 Estudes uous deussiez aler

2472.0 3613.0 987.0 126.0 Deuers le roy pour enhorter

2481.0 3694.0 984.0 122.0 Ce concille et cerchier le uoir

2466.0 3780.0 1124.0 212.0 Pour si grant erreur rappeller
