3613 4948
593.0 10.0 1040.0 215.0 .Chi coumenche li remans de troies.

439.0 222.0 2624.0 151.0 CHI COUMENCHE LI REMANS DE TROIES Composé par Beneois

613.0 453.0 275.0 99.0 alemons nꝰ en

610.0 522.0 278.0 101.0 saingne ⁊ dit

610.0 599.0 247.0 82.0 ⁊ si le list en

621.0 659.0 209.0 74.0 son escrit

615.0 714.0 281.0 83.0 Q̾ nus ne doit

615.0 775.0 253.0 82.0 son sens celer

615.0 841.0 215.0 71.0 ains le doit

621.0 885.0 258.0 93.0 issi demostrer

618.0 959.0 300.0 88.0 Q̾ on i ait preu

613.0 1019.0 231.0 86.0 ⁊ honour

233.0 1072.0 564.0 115.0 ⁊ cil qui trouerent les pars

244.0 1146.0 550.0 110.0 ⁊ le gramaire ⁊ les .uii. ars

233.0 1215.0 553.0 96.0 Li philosophe les traities

230.0 1267.0 608.0 118.0 Dont tos li mons est ensaignies

222.0 1344.0 572.0 99.0 S il fuissent teu uoirement

225.0 1401.0 555.0 94.0 Uesquist li siecles folemt̃

233.0 1470.0 492.0 88.0 Ni seus ton fors a garder

233.0 1531.0 523.0 99.0 Ne lun de lautre deseurer

217.0 1586.0 539.0 107.0 Ramembre ser̃t a tos tens

228.0 1649.0 558.0 110.0 ⁊ coneu par lor grant sens

228.0 1734.0 500.0 88.0 Mais science qui est teue

233.0 1789.0 470.0 93.0 Est ⁊ oubliee ⁊ ꝑdue

230.0 1858.0 561.0 93.0 ki set ⁊ nensaigne une dit

233.0 1929.0 528.0 77.0 Ne puet estre ne sentroblit

217.0 1984.0 473.0 94.0 Science qui est bñ oie

222.0 2047.0 539.0 86.0 Germe florist ⁊ fructefie

236.0 2111.0 481.0 85.0 ki uint sauoir ⁊ qͥ entent

228.0 2160.0 550.0 113.0 Sacies q̃ miꝰ len est souẽt.

233.0 2240.0 523.0 91.0 De bñ ne puet nus tͦp oir

261.0 2311.0 511.0 86.0 Ne trop sauoir ne retenir

239.0 2366.0 467.0 97.0 Ne nus ne se doit atarg̾

228.0 2424.0 541.0 82.0 De bñ faire ne densaign̾

230.0 2495.0 586.0 88.0 ⁊ qui plus set ⁊ plꝰ doit faire

222.0 2548.0 534.0 104.0 De ce ne sedoit nꝰ retraire

225.0 2622.0 509.0 88.0 ⁊ porce me uoil trauillͥ̾

222.0 2688.0 484.0 91.0 ⁊ un estoire comenchꝰ

225.0 2748.0 465.0 83.0 Q̾ del latin u io le truis

214.0 2809.0 509.0 99.0 Se iai loisir ⁊ se io pius

239.0 2875.0 555.0 96.0 Ie uaurai si en romãs metͤ

233.0 2935.0 558.0 86.0 Q̾ cil qui nantandrõt la letͤ

225.0 3010.0 575.0 82.0 Se puissẽt deduire el romans

239.0 3062.0 533.0 79.0 M l̾t est lestore rice ⁊ grans

241.0 3122.0 603.0 96.0 ⁊ Grant oeure ia ⁊ grans fait

250.0 3191.0 583.0 74.0 En maĩt sens aon ia retrait

247.0 3246.0 440.0 74.0 Com̃t troie fu ia ꝑie

255.0 3290.0 536.0 96.0 Mais la uerte est poi oie

310.0 3364.0 534.0 85.0 Mers qui fu clers m̾uillos

266.0 3416.0 600.0 105.0 Des plus uaillans ensientes

239.0 3485.0 503.0 99.0 Escrist de la destruision

247.0 3551.0 619.0 110.0 Del grant siege ⁊ de lacoison

241.0 3628.0 462.0 80.0 ꝑ q̃ troie fu desertee

244.0 3694.0 586.0 85.0 Qͥ ainc puis ne fu rabitee

244.0 3743.0 572.0 105.0 M ais ne dist pas ses liuͤs uoir

239.0 3815.0 629.0 107.0 Car nos sauons sans nl̾ espoir

239.0 3873.0 495.0 96.0 Qͥl ne fu pꝰ de .c. ans nes

241.0 3928.0 600.0 129.0 Q̾ li grans os fu assambles

1064.0 307.0 539.0 110.0 Li faut cansomes tot fit

1000.0 404.0 611.0 79.0 Car ainc ni fu ne riẽ rauit

998.0 464.0 618.0 80.0 Qant il en ot son liure fait

1003.0 525.0 569.0 85.0 ⁊ a athaine lot retrait

978.0 582.0 633.0 105.0 Si ot estrange contencon

1017.0 648.0 665.0 83.0 Dampner li uaurẽt ꝑ raison

1000.0 706.0 589.0 99.0 p᷑ ce qot fait les damedex

1006.0 769.0 729.0 88.0 Combatre od les homes carneꝰ

1009.0 830.0 547.0 82.0 Tenu li fu a deruerie

1003.0 893.0 481.0 82.0 ⁊ a m̾uillose folie

1003.0 959.0 696.0 82.0 Car les dex com homes humaĩs

1006.0 1017.0 652.0 90.0 Faisoit combatre as troiains

1003.0 1080.0 619.0 91.0 ⁊ quant son liure reciterẽt

1011.0 1143.0 570.0 91.0 Pluisor por ce le refuserẽt.

1006.0 1198.0 605.0 104.0 Mais tant fu om̾s de grant pͥs

1009.0 1269.0 569.0 91.0 ⁊ tant fist puis si com io lis

1003.0 1333.0 432.0 93.0 Q̾ ses liures fu receꝰ

998.0 1404.0 475.0 88.0 ⁊ en autorite tenus

1088.0 1467.0 438.0 86.0 p̾s lonctans q̃ cot este

1083.0 1539.0 572.0 88.0 Q̾ Rome ot ia piece dure

1009.0 1610.0 605.0 77.0 Al tans saluiste le uaillant

1003.0 1668.0 622.0 85.0 Contint a sa uie ⁊ a puissant

1003.0 1729.0 589.0 82.0 A prou a ml̾t de halt ꝑage

1006.0 1795.0 621.0 90.0 ⁊ a clerc estrangemt̃ sage

1003.0 1852.0 616.0 96.0 Cil saluistes ce truis lisant

1017.0 1918.0 649.0 94.0 Ot un neuou form̃t sacant

1017.0 1984.0 426.0 83.0 Corineꝰ fu apeles

1014.0 2045.0 528.0 85.0 De letre sauies ⁊ fondes

1000.0 2100.0 583.0 107.0 De lui estoit ml̾t gñs ꝑole

1011.0 2168.0 545.0 108.0 A athaines tenoit escole

1000.0 2243.0 611.0 93.0 Un ior garda en un aumaire

1009.0 2311.0 638.0 97.0 p᷑ traire un liure de gramaire

1009.0 2375.0 481.0 85.0 Tant i a quis ⁊ reuerse

1009.0 2438.0 550.0 90.0 Q ñtre les autres a troue

1011.0 2512.0 575.0 91.0 L estoire q̃ daire ot escͥte

1011.0 2581.0 644.0 88.0 En greche lange faite ⁊ dite

1011.0 2647.0 515.0 77.0 Cil daire dont uꝰ ci oes

1014.0 2699.0 539.0 82.0 Fu de troie noris ⁊ nes

1014.0 2765.0 589.0 91.0 Dedens estoit ainc nen issi

1009.0 2820.0 497.0 91.0 Desi q̃ los san departi

1020.0 2886.0 583.0 102.0 Mainte proece i fist de soi

1011.0 2966.0 460.0 71.0 ⁊ a asaut ⁊ a tornoi

1017.0 3007.0 613.0 96.0 En lui auoit clerc m̾uillos

1031.0 3084.0 497.0 77.0 ⁊ des .uii. ars essientos

1022.0 3133.0 666.0 105.0 Por ce quil uit si grant lafaire

1028.0 3199.0 575.0 94.0 Q̾ ainc ne pꝰ ni fu nꝰ maire

1036.0 3246.0 712.0 104.0 Si uaut les fais metre ã memoire

1022.0 3326.0 660.0 104.0 En grigois en escrist lestoire

1028.0 3397.0 586.0 66.0 Cascun ior ensi lescruoit

1028.0 3441.0 484.0 83.0 ꝯ il a ses els le ueoit

1028.0 3507.0 575.0 96.0 Tot qanqͥl faisoient le ior

1031.0 3570.0 594.0 97.0 Ou em bataille ou en estor

1039.0 3647.0 564.0 85.0 Tout escͥuoit la nuit ap̾s

1108.0 3705.0 492.0 93.0 Cil com io uꝰ di dares

1028.0 3752.0 660.0 118.0 Ainc por home ne sẽ uant taire

1058.0 3851.0 561.0 63.0 E la uerte dire ⁊ retraire

1121.0 3897.0 396.0 86.0 Or ce scil fu troiens

1116.0 3941.0 594.0 113.0 Ne se pandi plꝰ u̾s les siens

1033.0 4010.0 641.0 129.0 Q̾il uecc les autres faisoit

1828.0 412.0 580.0 110.0 Lonc tans fu ses liures ꝑdꝰ

1831.0 478.0 544.0 102.0 Qͥl ne fu troues ne ueus

1828.0 541.0 566.0 99.0 Cil qui athaines le troua

1825.0 599.0 561.0 107.0 Cormeus quil tranlata

1828.0 662.0 539.0 93.0 De griu le torna en latin

1831.0 720.0 569.0 99.0 ꝑ son sans ⁊ par son engin

1828.0 788.0 657.0 99.0 M l̾t en deuons celui miꝰ croire

1839.0 854.0 577.0 91.0 ⁊ miꝰ tenir lestoire auoir

1833.0 904.0 597.0 107.0 Q̾ celui qui puis ne fu nes

1836.0 967.0 561.0 96.0 De .c. ans ⁊ de plus asses

1833.0 1030.0 567.0 99.0 Qͥ rien nen sot ice sauon

1833.0 1105.0 542.0 82.0 Se paroir le dire non

1842.0 1162.0 602.0 105.0 Ceste estoire nest pas usee

1831.0 1220.0 665.0 115.0 Ne en gaires liꝰ nest trouee

1833.0 1311.0 605.0 79.0 La retraite ne fust encore

1853.0 1366.0 682.0 104.0 M ais Beneois de sainte more

1836.0 1440.0 542.0 82.0 La tranlate ⁊ fait ⁊ dit

1831.0 1489.0 539.0 102.0 ⁊ a sa maĩ les mos escͥt

1833.0 1550.0 531.0 102.0 ⁊ si taillies ⁊ si olures

1839.0 1621.0 459.0 94.0 ⁊ si assis ⁊ si poses

1831.0 1685.0 591.0 90.0 Q̾ mains ne plus ni a mest̾

1839.0 1753.0 564.0 91.0 Ci uoil lestore ꝯm̃ch̾.

1833.0 1814.0 575.0 99.0 ⁊ le latin suire ⁊ la letre

1836.0 1871.0 690.0 105.0 Nule autre riẽ ni ualrai metͤ

1858.0 1954.0 622.0 77.0 S ainsi non com io tͧis escͥt

1842.0 2014.0 596.0 88.0 Ne di mie qauꝯ bon dit

1844.0 2086.0 531.0 80.0 Ni mete se faire le sai

1875.0 2138.0 552.0 85.0 Mais la uerite en dirai

1938.0 2201.0 514.0 97.0 Irai uꝰ dont ⁊ abͥes nous

1941.0 2262.0 528.0 104.0 De q̃ fu fais li liures tous

1866.0 2344.0 504.0 77.0 ⁊ de q̃ io uolrai trait̾

1850.0 2394.0 621.0 99.0 S empres ici al comench̾.

1836.0 2474.0 534.0 82.0 Uꝰ parlerai de peleus

1842.0 2534.0 638.0 82.0 Qͥ uesqui bñ .c. ans ou plꝰ

1844.0 2603.0 641.0 85.0 G ente fame ot dame Tetis

1847.0 2660.0 641.0 94.0 Ainsi ot nom ce mest auis

1853.0 2718.0 643.0 107.0 Deces .ii. fu achilles nes

1855.0 2784.0 592.0 91.0 Qͥ fu sa uies ⁊ renomes

1858.0 2853.0 514.0 88.0 A dont uꝰ reditai ap̃s

1858.0 2916.0 657.0 94.0 Coment Iason ⁊ Hercules

1861.0 2985.0 525.0 71.0 Par engin ⁊ ꝑ traison

1858.0 3043.0 575.0 74.0 Alerent q̃re le toison

1858.0 3097.0 622.0 86.0 Com medea ꝑ son sauoir

1855.0 3150.0 682.0 104.0 La li fist conquerre ⁊ auoir

1864.0 3232.0 596.0 85.0 Puis uꝰ dirai ꝑ q̃l Raison

1872.0 3295.0 580.0 80.0 Il crauenterent Ylion

1864.0 3348.0 610.0 88.0 ⁊ toute troie ausi laiens

1869.0 3408.0 641.0 88.0 La ot ml̾t grans ẽꝯbrem̃s

1855.0 3466.0 611.0 88.0 Com laomedon fu ocis

1855.0 3529.0 597.0 96.0 Qͥ ssire ⁊ Bois ert del pais

1847.0 3595.0 600.0 96.0 Dont si ores confaitem̃t

1850.0 3664.0 572.0 93.0 Apres icest destruiem̃t

1858.0 3735.0 646.0 72.0 La refonda li rois prians

1853.0 3793.0 649.0 93.0 Qͥ ml̾t fu saines ⁊ uaillans

1855.0 3856.0 630.0 91.0 C om el fu grans ⁊ ꝯ fu lee

1858.0 3925.0 635.0 88.0 ⁊ de q̃l gent estoit puplee

1872.0 3977.0 619.0 85.0 Com li consel furent pꝰ pͥs

1866.0 4043.0 597.0 102.0 Adant Hector ⁊ a paris

2639 606 788 160 Codex D. de lang̾s

3038.0 758.0 118.0 157.0 69

2810.0 907.0 624.0 173.0 Regius 7594
