4532 6331
351.0 654.0 1200.0 197.0 ꝯ il estoit acoustume.Tant ke .s̾. martins fu

355.0 763.0 1221.0 172.0 semons a cele assanlee a uenir. ⁊ dont uit li .S̾.

358.0 865.0 1200.0 144.0 hom ke li tans estoit uenus couegnables de

355.0 939.0 1238.0 165.0 laissier ⁊ deg̾pir la t̾riiene ceualerie. ne ne li sã

351.0 1023.0 1218.0 176.0 loit mie ke raisons fust ⁊ drois de prendre sols

351.0 1118.0 1197.0 165.0 ne despenses puis ke deseruir ne les uoloit.

355.0 1209.0 1207.0 159.0 Dont dist a lemꝑeor. Ie tai serui iusqͣ ore par

355.0 1283.0 1253.0 176.0 ma cheualerie. or suefre ke ie soie ch̾rs nr̃e si

351.0 1385.0 1257.0 162.0 gor deu. ⁊ ke ie le sierue. ⁊ cil ki se uoelent cõ

348.0 1466.0 1249.0 155.0 batre prengent tes sols ⁊ tes deniers. Ie sui de ᷤᷤ

411.0 1561.0 1193.0 162.0 uant li emꝑeres oi ceste ꝑo ¶ ch̾rs nr̃e sign᷑.

376.0 1656.0 1217.0 158.0 le. il fremi tous dire ⁊ de mautalent ⁊ si

348.0 1741.0 1245.0 147.0 dist a .s̾. martin qͥl deg̾pissoit la cheualeri

348.0 1846.0 1221.0 141.0 e por le paor de le bataille ki lendemain e

348.0 1916.0 1252.0 152.0 stoit a uenir. ne mie por grasce de religiõ. Dõt

351.0 2018.0 1232.0 138.0 dist .S̾. martins sans doutance ⁊ sans paor al

348.0 2096.0 1277.0 155.0 emꝑeor. Se on dist ke ce soit ꝑ paor ke ie la ce

351.0 2187.0 1242.0 144.0 ualerie deg̾pisse. ⁊ ne mie por foi ke ie aie en

355.0 2268.0 1224.0 144.0 u̾s nr̃e signor. Ie serai demain deuant toute

358.0 2363.0 1225.0 144.0 ta ꝯpaignie desarmes sans escu ⁊ sans hiau

351.0 2437.0 1271.0 155.0 me. ⁊ el non nr̃e signor ih̾u crist serai ie segnie ᷤᷤᷤᷤ

344.0 2528.0 1281.0 155.0 del signe de la crois. ⁊ si sacies ke ie trespasserai

358.0 2634.0 1239.0 134.0 les batailles de mes anemis seurement la u

355.0 2704.0 1263.0 141.0 eles seront plus espesses assanlees. Qnͣt ce oi

362.0 2810.0 1253.0 126.0 li emꝑeres il ꝯmanda ꝯ le mesist en prison.

362.0 2877.0 1267.0 154.0 por ce ke il uoloit ke il fesist ce ke il auoit dit

351.0 2979.0 1271.0 112.0 ke il iroit desarmes en contre ses anemis. si

358.0 3052.0 1204.0 127.0 com il lauoit mis en couuenance.

429.0 3154.0 1221.0 127.0 uant uint a lendemain ⁊ li anemi lem

380.0 3242.0 1252.0 131.0 ꝑeor enuoierent a lui messages del pais

362.0 3316.0 1284.0 141.0 ⁊ si misent ebe ⁊ toutes lor coses en sa franci

369.0 3415.0 1267.0 133.0 se. Et ki est cil ki doute ke ce ne fust ꝑ la uo

369.0 3499.0 1274.0 130.0 lente nr̃e signor. ke li .s̾. hom nalast en la ba

369.0 3594.0 1274.0 113.0 taille tous desarmes se ele eust este. Et ki est

369.0 3661.0 1263.0 130.0 cil ki ne doute ke nr̃e sires ne soit pius ⁊ mi

372.0 3752.0 1292.0 134.0 sericors ⁊ poissans de warder son ch̾r entre les

365.0 3844.0 1313.0 137.0 espees ⁊ les armes de ses anemis. Ia soit ce co

365.0 3932.0 1190.0 130.0 se ke li pais fust ensi faite ꝑ sa uolente.

460.0 4016.0 1204.0 137.0 ela se deꝑti mesire .s̾. martins qͣnt il ot

387.0 4111.0 1259.0 130.0 deg̾pie sa cheualerie. si sen ala a poitiers

372.0 4203.0 1253.0 116.0 a .s̾. hylaire ki adont estoit uesq̃s de la cite. ⁊

376.0 4287.0 1253.0 116.0 ki molt ert preudom ⁊ de sainte uie. La uint

380.0 4364.0 1287.0 120.0 il ⁊ si demora auoeq̃s lui grant piece. ⁊ .s̾. hyl

376.0 4463.0 1291.0 112.0 laires lordena a acolite. Apres cou li uint une

380.0 4554.0 1270.0 109.0 uisions une nuit qͥl alast en son pais ueir

380.0 4628.0 1294.0 123.0 son pere ⁊ sa mere lu encore estoient paien.

394.0 4706.0 1259.0 165.0 ⁊ si les amonestast de for ⁊ de religion. Dõt

1220.0 246.0 1077.0 179.0 MARTIN.

1822.0 611.0 1355.0 180.0 prist congie a .s̾. hyllaire ki molt enuis li do

1812.0 724.0 1340.0 141.0 na. Mais a le fin qͣnt il uit ke otroier li cõ

1808.0 823.0 1369.0 137.0 uenoit li proia il molt doucement ke il re

1815.0 914.0 1358.0 120.0 pairast errant ⁊ sans demorance. Et dont se

1829.0 995.0 1330.0 134.0 mist .s̾. martins a la uoie tristres ⁊ dolans

1826.0 1076.0 1326.0 162.0 por ce ke il se ꝑtoit de le ꝯpaignie .s̾. hyllai

1826.0 1174.0 1284.0 123.0 re. Si ꝯpaignon li disent ke il troueroit

1829.0 1259.0 1358.0 130.0 molt dau̾sites ains ke il ꝑuenist en sa ꝯtre

1829.0 1350.0 1369.0 137.0 e siꝯ il proua bñ ⁊ troua apres ces coses. Car

1840.0 1435.0 1333.0 133.0 qͣnt il uint de les le mont de mongiu. larrõ

1840.0 1529.0 1326.0 134.0 ⁊ renbeur ki agaitoient les trespassans li

1840.0 1607.0 1312.0 148.0 coururent seure. Qnͣt il ꝑuinrent a lui. Li

1847.0 1705.0 1312.0 123.0 uns haucha une qͥgnie ke il le uaut ferir

1847.0 1779.0 1361.0 144.0 el chief. mais li autres sailli auant si aerst

1854.0 1885.0 1326.0 119.0 son ꝯpaignon ꝑmi les bras si ne laissa mie

1850.0 1952.0 1323.0 137.0 son colp descendre sor le .s̾. home. ains li loi

1857.0 2047.0 1341.0 137.0 erent les mains derriere le dos. ⁊ le kierkie

1861.0 2138.0 1326.0 130.0 rent a lun dels a tenir.⁊ cil le mena en .i. de

1857.0 2215.0 1320.0 141.0 stolu liu hors de la uoie. ⁊ puis si li ꝯmenca

1864.0 2314.0 1207.0 137.0 a demander ki il estoit ⁊ de q̃l creance.

1966.0 2388.0 1228.0 154.0 Sains martins li respondi qͥl estoit cre

1952.0 2479.0 1211.0 144.0 stiiens. Et cil li demanda se il auoit

1871.0 2553.0 1327.0 158.0 paor ⁊ sil ert en grant doutance .s̾. martĩs

1871.0 2655.0 1316.0 141.0 li respondi molt haitiement ꝯ q̃s nauoit

1878.0 2750.0 1313.0 137.0 este tant seurs ꝯ il estoit ore. car il sauoit

1875.0 2827.0 1323.0 155.0 bñ ke li misericorde de deu secoroit cels ki

1878.0 2901.0 1394.0 176.0 en tẽptation estoient ⁊ en paine. qͣnt il ẽ lui

1878.0 2993.0 1348.0 158.0 creoient. mais cil deuoient auoir dolor ⁊ dou

1878.0 3091.0 1338.0 141.0 tance ki les larecins ⁊ les mauuaises oeuͤs

1885.0 3169.0 1320.0 151.0 faisoient. ne en le misericorde deu nauoiẽt

1885.0 3249.0 1345.0 166.0 fiance. Dont ꝯmenca au larron a preechier

1882.0 3337.0 1348.0 155.0 ⁊ a enseignier la ꝑole del .s̾. ewangile. Que uꝰ

1885.0 3443.0 1334.0 155.0 ꝯteroie ie ore plus longe ꝑole. li leres fu ꝯu̾

1889.0 3524.0 1327.0 144.0 tis ⁊ crei en nr̃e signor. ⁊ fu atornes a uraie

1896.0 3612.0 1355.0 137.0 foi ⁊ a uraie creance. Dont ramena il .s̾. mar

1893.0 3700.0 1326.0 137.0 tin a droit chemin ⁊ a sa droite uoie. si le cõ

1896.0 3777.0 1334.0 148.0 uoia grant piece. ⁊ li pria molt ke il orast p᷑

1903.0 3875.0 1277.0 148.0 lui a nr̃e signor. ⁊ apres cou se deꝑti de .s̾.

1882.0 3960.0 1414.0 162.0 martin si mena pꝰ ml̾t saĩte uie ⁊ ml̾t religieuse.

2016.0 4044.0 1231.0 162.0 dont sen ala .s̾. martins tout son chemĩ

2019.0 4139.0 1218.0 148.0 tant qͥl ot passe la cite de melans. ⁊ dõt

1910.0 4224.0 1348.0 144.0 encontra il ẽmi sa uoie le diable en sanlãce

1907.0 4315.0 1301.0 127.0 doume si li demanda u il aloit .s̾. martins

1910.0 4400.0 1316.0 147.0 li respondi ke il aloit la u li uolentes nr̃e

1910.0 4473.0 1316.0 159.0 signor estoit. Li deables li respondi. en q̃l

1910.0 4568.0 1337.0 138.0 ꝯq̃s liu tu iras. ne q̃l ꝯq̃s cose tu feras. li di

1930 4642 1283 227 ables iert tous tans encontre toi. Et dont

3703 559 322 253 271
