2745 3799
111.0 181.0 697.0 114.0 A gaste a faire torchons

114.0 270.0 842.0 128.0 U oꝰ mentes ꝑmi les guernons

114.0 392.0 815.0 110.0 F ait ele danz uilains despers

114.0 485.0 806.0 112.0 P lus a de .iii. anz ne fu ters

105.0 582.0 836.0 110.0 M es cuz de fain ne dautre rien

107.0 692.0 790.0 110.0 N on fait il ge sauoie bien

116.0 789.0 737.0 112.0 P ce est macoille si noircie

116.0 890.0 756.0 110.0 A dont nia nul qui nen rie

97.0 996.0 798.0 103.0 ⁊ qui nen tiegne agnͣt ꝑole

88.0 1086.0 762.0 104.0 ⁊ ladame sentint p᷑ fole

101.0 1186.0 798.0 122.0 D e la clamor que ele ot faite

82.0 1285.0 654.0 120.0 Dont li euesque li afaite

103.0 1376.0 733.0 139.0 Response cõe Il me semble

103.0 1477.0 870.0 120.0 Quilz sen uoisent toꝰ ensemble

213.0 1593.0 659.0 99.0 ar cest fable pouez sauoir

135.0 1694.0 737.0 104.0 q̃ fame ne fait pas sauoir

105.0 1798.0 743.0 103.0 Q ui son seignor a en despit

114.0 1884.0 732.0 114.0 P᷑ noire coille ⁊ p᷑ noir uit

80.0 2000.0 827.0 102.0 Car autant deforce a une noire

213.0 2513.0 479.0 87.0 ne fame seseoit ia

133.0 2604.0 772.0 110.0 Deuant son huis si es garda

95.0 2690.0 747.0 110.0 C omme lageline gratoit

88.0 2798.0 627.0 99.0 ⁊ samande p᷑ chacoit

88.0 2880.0 735.0 116.0 M l̾t setraueillot toute ior

95.0 2973.0 705.0 135.0 A elle ꝑla par gnͣt amor

103.0 3083.0 682.0 129.0 B ele fait ele laisse ester

97.0 3184.0 675.0 144.0 Q̾ tu neuoilles si grater

1233.0 183.0 842.0 116.0 C hascun ior te donrai forment

1237.0 284.0 912.0 133.0 P lainne une granche atontalẽt

1237.0 392.0 608.0 110.0 L ageline li respondi

1231.0 487.0 612.0 106.0 Q̾ dis tu ua q̃ ge ai oi

1224.0 578.0 912.0 139.0 C uides tu que ie aim mielz tõble

1190.0 692.0 805.0 116.0 Q̾ que ge ai touz iors use

1216.0 791.0 811.0 120.0 N ennin ꝑdex dist lageline

1169.0 899.0 883.0 118.0 S e deuant moi estoit lamine

1131.0 1000.0 957.0 101.0 T ouz iors plaine pas nelairoie

1224.0 1103.0 695.0 91.0 N e por ce ne mentarderoie

1226.0 1198.0 737.0 116.0 Q̾ ne queisse touz iors plus

1243.0 1306.0 716.0 103.0 S elon mature ⁊ mon us

1342.0 1416.0 746.0 88.0 ar essample uos ueilg montrer

1271.0 1502.0 779.0 102.0 q̃ plusors genz puent trouer

1228.0 1604.0 792.0 94.0 M aniere ace quil ont mestier

1222.0 1707.0 817.0 97.0 M es il ne puent pas changier

1224.0 1806.0 672.0 95.0 L or nature ne lor usage

1226.0 1895.0 820.0 116.0 T ouz iors lont en lor courage

1317.0 2300.0 596.0 95.0 ufinement decest escrit

1264.0 2387.0 841.0 111.0 Q uen roumans fu traitie⁊ dit

1220.0 2496.0 781.0 106.0 M enoumerai p᷑ remanbrance

1214.0 2614.0 787.0 91.0 M arie ai non si sui de france

1224.0 2690.0 746.0 119.0 P uet ce estre q̃ clerc plusor

1222.0 2788.0 838.0 118.0 Prendroient sor eulz mon labor

1209.0 2899.0 737.0 97.0 Ne ueilg q̃ nus sorsoi ledie

1212.0 3003.0 762.0 105.0 C il mal qui soi oublie

1361 2975 161 73 aura

1218.0 3098.0 842.0 120.0 Por lamor leconte guilliauie

1222.0 3203.0 885.0 108.0 Leplus uaillant decest roiauuie

105.0 2081.0 916.0 128.0 Comme a une blanche p̃uoire
