3538 4948
159.0 277.0 591.0 146.0 Come thoas fu plains de ioie

167.0 379.0 542.0 107.0 p᷑ anthenor le uiel de troie

164.0 439.0 545.0 113.0 Coment calcas li deuinere

167.0 505.0 536.0 94.0 ⁊ li tres sanies augurere

156.0 569.0 542.0 107.0 R equist sa fille ⁊ demanda

164.0 626.0 495.0 102.0 Qͥ auoit nom briseida

167.0 689.0 446.0 94.0 Q̾ troilus ot tant amee

164.0 750.0 473.0 99.0 ⁊ com pͥans lot deliuree

156.0 819.0 473.0 99.0 ⁊ com hector ⁊ achilles

173.0 882.0 415.0 104.0 Oiant .m. ch̾r ⁊ mes

173.0 945.0 475.0 99.0 Sentre aatirent cors a cors

173.0 1000.0 489.0 99.0 Mais cil dedens ⁊ cil defors

162.0 1061.0 544.0 115.0 Ainc ne lor uaurent ꝯsentir

159.0 1132.0 448.0 110.0 Ap̃s pores auant oir

159.0 1204.0 536.0 96.0 Com li fille Calcas la prous

178.0 1269.0 443.0 99.0 Issi de troie uoiant tos

169 1341 452 99 L edol qͥ fist au deseurer

181.0 1399.0 459.0 93.0 ⁊ com la proia pꝰ damer

159.0 1465.0 498.0 96.0 En lost defors Diomedes

156.0 1531.0 421.0 90.0 ⁊ puis uꝰ redirai ades

162.0 1594.0 462.0 91.0 Com a son ꝑe fu marie

159 1646 514 102 Por la honte ⁊ por la folie

139 1726 520 82 Des troiens qui lot g̃pis

162.0 1770.0 508.0 104.0 Sores ses respons ⁊ ses dis

236.0 1839.0 475.0 96.0 pres dirai de grant tornoi

225.0 1921.0 462.0 66.0 ⁊ la bataille ⁊ le desroi

167.0 1959.0 550.0 99.0 Q ector i fait qͥtos les uaint

151 2034 569 90 ⁊ com Calcas le plore ⁊ plaĩt

170.0 2100.0 522.0 77.0 De ce quil fu gͥem̃t naures

178.0 2155.0 586.0 82.0 Sores la chambre de biautes

167.0 2232.0 506.0 71.0 Qͥ da laubaustre fu bastie

186.0 2292.0 462.0 83.0 ⁊ coment el fu establie

167 2350 454 80 Iloc ores enchantem̃t

178.0 2408.0 503.0 90.0 Tresiece m̾uillosement

164.0 2468.0 611.0 110.0 Si grant com cuer puet p᷑pẽser

148.0 2528.0 443.0 99.0 M l̾t la fera bon escot̾

142.0 2589.0 490.0 96.0 Dont uꝰ dirai la fine am᷑

153.0 2663.0 418.0 80.0 ⁊ la destrece ⁊ la dolor

145.0 2732.0 468.0 77.0 Qͥ sofri li fuis Tydeus

170.0 2790.0 481.0 85.0 Puis por lamie Troilus

159.0 2858.0 542.0 91.0 Puis ores la bataille huitaine

153.0 2924.0 520.0 80.0 Q ͥpura plus dune semaine

206.0 2985.0 453.0 77.0 uis uous dirai la uerite

178.0 3032.0 514.0 96.0 dune estrange mortalite

148.0 3106.0 426.0 68.0 Qͥ en lost fu une loee

134 3171 487 72 ⁊ sorres com fu effraee

140 3224 582 91 La feme hector. Andromaca

139 3296 548 82 Les fors songes q̃le songa

144 3342 444 91 La desuerie ⁊ la dolor

148.0 3400.0 522.0 104.0 Q̾ le fist dector son signor

151.0 3471.0 514.0 91.0 Qͥ l nen issist a la bataille

153.0 3521.0 591.0 115.0 De parler dex li dist sans faille

151.0 3584.0 522.0 107.0 S il i aloit nen euẽroit uis

148.0 3650.0 404.0 102.0 Qͥ li seroit le ior ocis

162.0 3708.0 541.0 115.0 P uis uꝰ dirai les gnͣs dolors

153.0 3776.0 449.0 105.0 Qͥ sa mere ot ⁊ ses sorors

156.0 3826.0 459.0 96.0 Ap̃s pores oir auant

146 3895 541 104 Com el laissa issir pͥant

136 3972 543 126 Ne pot auoir de lui ꝯsence

931.0 285.0 525.0 105.0 ⁊ com li bataille comence

929.0 368.0 527.0 88.0 Com li rois de frise fup̾s

929.0 437.0 624.0 79.0 Qͥ a grant paine en estort uis

929.0 500.0 569.0 85.0 Com troiẽ furent le ior

926.0 555.0 481.0 85.0 De la bataille li pior

929.0 623.0 635.0 86.0 Com li bastart si demenerent

926.0 678.0 588.0 86.0 Qͥ trop le ior i endurerent

923.0 744.0 624.0 86.0 Com hector naura achilles

931.0 813.0 539.0 85.0 ⁊ coment il locist apres

926.0 871.0 517.0 91.0 ⁊ coment il locist apres

926.0 937.0 640.0 93.0 A pres dirai le grant damage

929.0 1006.0 626.0 93.0 Qͥ le ior uint a son barnage

929.0 1063.0 511.0 77.0 Troien furent a dol mis

929.0 1140.0 552.0 83.0 ꝑ les portax de marbre bis

926.0 1193.0 613.0 90.0 Com Rois mennõ ce sauõ nꝰ

926.0 1258.0 607.0 86.0 Uers achilles torna tos sols

912.0 1322.0 621.0 104.0 Sores les dels ⁊ fiers ⁊ grans

929.0 1393.0 596.0 96.0 Q̾ dector fist li rois proians

934.0 1476.0 539.0 77.0 Paris ses frere ⁊ troilus

929.0 1536.0 500.0 77.0 E ncas. ⁊ deiphebus

931.0 1591.0 492.0 72.0 Q̾ funt a lui enseuelir

929.0 1649.0 593.0 85.0 Al cors embasmer ⁊ uestir

931.0 1718.0 534.0 77.0 Parlerai de la sepulture

926.0 1773.0 577.0 96.0 Qͥ tͦp fu rice a desmesure

937.0 1850.0 572.0 85.0 Ia quant ele uꝰ ert retraite

934.0 1924.0 528.0 79.0 Ne dires q̃ tele fu faite

923.0 1968.0 575.0 96.0 Apres ores la descordance

934.0 2034.0 630.0 79.0 La tancon lamale uoillãce

934.0 2105.0 528.0 77.0 Q̾ palamedes comenca

931.0 2157.0 547.0 97.0 Qͥ agam̃non desposa

931.0 2226.0 503.0 99.0 ꝑ son porcas ⁊ ꝑ ses dis

931.0 2300.0 556.0 94.0 Fu de la prince dessaisis

940.0 2366.0 577.0 97.0 Puis ores le complaignem̃t

929.0 2430.0 571.0 90.0 Q̾ Rois pͥans fist a sa gent

929.0 2482.0 679.0 90.0 D ector son fil q̃ gre mort

926.0 2553.0 566.0 74.0 Qͥ li tolent son rai

920.0 2614.0 619.0 99.0 S orres com il le uait ueng̾

918.0 2688.0 574.0 85.0 A lespee trancant dach̾.

923.0 2746.0 520.0 96.0 M l̾t ꝑ i fist le ior de soi

931.0 2820.0 605.0 85.0 Tout le pris ot de cel tornoi

920.0 2872.0 635.0 107.0 Del Roi ꝑsant le bñ ua ãt

931.0 2941.0 578.0 99.0 ⁊ de reptelenꝰ le grant

929.0 3012.0 519.0 75.0 Uꝰ conterai le f̾ estor

937.0 3081.0 511.0 74.0 ⁊ qui estoient li pior

929.0 3133.0 593.0 85.0 Adont porres oir manois

929.0 3183.0 574.0 107.0 Com̃t fu mors li rois ꝑsois

931.0 3251.0 523.0 83.0 Com troiẽ estre lor gre

942.0 3320.0 613.0 96.0 Furent le ior de camp torne

934.0 3367.0 470.0 102.0 Ap̃s pores oir auant

934.0 3433.0 517.0 91.0 La uerite del roi ꝑsant

929.0 3499.0 486.0 85.0 Qͥ fu en son pais portes

931.0 3562.0 572.0 94.0 ⁊ com il fu plains ⁊ plores

931.0 3628.0 558.0 82.0 ⁊ en teres a grant hautece

931.0 3694.0 611.0 99.0 Dont parlerai dune destrece

929.0 3749.0 580.0 110.0 Dune ch̾te qui en lost fu

926.0 3820.0 517.0 86.0 ⁊ com il furent sorcoru

923.0 3875.0 577.0 94.0 ⁊ des ãniuersaires Grans

923.0 3944.0 561.0 91.0 Qͥ dector fist li rois pͥans

920.0 4005.0 514.0 145.0 Des sacrefises q̃ il fait

1778.0 299.0 588.0 129.0 ⁊ coment achilles i uait

1770.0 393.0 547.0 99.0 Com il aama la pucele

1792.0 453.0 506.0 102.0 Polixena qͥ tant fu bele

1775.0 514.0 682.0 107.0 Com il en uaut lost faire aler

1775.0 585.0 569.0 82.0 Tant fu destrois de li amer

1775.0 640.0 635.0 107.0 Qant respondi li rois thoas

1778.0 717.0 558.0 77.0 Qͥ ce ne tenoit mie a gas

1863.0 777.0 476.0 86.0 pres ores la descordance

1863 828 565 107 la grant ire ⁊ la maluoillãce

1778.0 907.0 533.0 88.0 Qa cels de lost ot achilles

1781.0 964.0 525.0 86.0 Qͥ iura q̃ ia naront mes

1778.0 1017.0 509.0 85.0 De lui ne socors ne aie

1773.0 1072.0 571.0 101.0 A ses homes uee ⁊ chastie

1784.0 1143.0 643.0 115.0 Q̾ uns tos seus mais p᷑ riẽ qͥl oie

1778.0 1217.0 610.0 96.0 Ne soit nuisans a cels de troie

1778.0 1291.0 470.0 86.0 ⁊ si pores oir conter

1768 1357 585 83 Com laissa armes a port̾

1784.0 1415.0 593.0 80.0 La dozime batailie auant

1773.0 1481.0 681.0 99.0 Li liures nous retraite auãt

1775.0 1544.0 602.0 86.0 Si com Remꝰ li rois daresse

1775.0 1619.0 619.0 71.0 Uers troiens point ⁊ eslesse

1778.0 1676.0 542.0 88.0 Puis dirai ꝯ deiphebꝰ

1767.0 1731.0 674.0 108.0 L ocist uoiant .m. greᷤᷤ ⁊ plus

1775.0 1803.0 569.0 96.0 ⁊ com thelamon aiax

1771 1874 587 90 I est sor tous come uasa̾

1773 1910 599 102 Com̃t palamedes li rois

1773.0 2003.0 646.0 77.0 Qͥ sire ⁊ prince ert des gͥgois

1775.0 2058.0 550.0 99.0 Ocist le ior deiphebus

1778.0 2127.0 577.0 96.0 ⁊ par sa main ne dura plꝰ

1770.0 2193.0 574.0 85.0 Adont uꝰ dirai a droiture

1773.0 2256.0 566.0 94.0 Com fu de la desconfiture

1773.0 2314.0 580.0 102.0 Des pauillons qͥ furent pͥs

1792.0 2394.0 569.0 74.0 ⁊ del fu qui es nes fu mis

1784.0 2452.0 646.0 71.0 Coment furent arses le ior

1784.0 2498.0 640.0 99.0 ⁊ sans desfense ⁊ sans retor

1784.0 2578.0 525.0 88.0 Ne fust thelamõ aiax

1762.0 2630.0 571.0 99.0 Qͥ ꝑdi .m. de ses uasaus

1877.0 2702.0 492.0 82.0 Pres dirai confaitom̃t

1858.0 2757.0 585.0 99.0 li fiꝰ eber .i. Roi puissent

1778.0 2839.0 613.0 83.0 Uint el tref achilles ires

1784.0 2897.0 610.0 82.0 Tous detrancies ⁊ decolpez

1781.0 2955.0 588.0 99.0 ꝯ le laidenge ⁊ dist folie

1789.0 3018.0 459.0 96.0 p᷑ ce q̃il ne lor aie

1770.0 3078.0 728.0 96.0 Com il chiet mors deuãt ses els

1770.0 3147.0 616.0 91.0 En lui par est si fiers orgeꝰ

1767.0 3202.0 553.0 91.0 Del regard̾ nis ne li calt

1770.0 3271.0 577.0 90.0 Oies com li bataille falt

1770.0 3342.0 638.0 88.0 Com deiphebus est plores

1773.0 3400.0 629.0 93.0 ⁊ de tous plains ⁊ regretes

1767.0 3471.0 621.0 80.0 ⁊ Rois sarpedon autresi

1778.0 3529.0 619.0 94.0 ⁊ com li grigois ff̾ mari

1767.0 3590.0 575.0 93.0 De lor pͥnce palamedes

1792.0 3647.0 651.0 94.0 Ia hom si grant dol nora mes

1762.0 3721.0 643.0 77.0 Adont ores des grans ꝯcires

1775.0 3796.0 600.0 71.0 I au iosta tos li empires

1773.0 3840.0 602.0 85.0 ⁊ com agam̃non li rois

1767.0 3889.0 682.0 96.0 ꝑ lesgart q̃mun des grigois

1759.0 3958.0 525.0 85.0 Refu ellis a emꝑere

1762.0 4021.0 676.0 127.0 ⁊ sor lost maistre ꝯmandere
