3600 4993
894 356 535 101 De q̃re esyona lor ante

907 432 622 100 Com antenor ch̾re ioi ante

924.0 499.0 519.0 83.0 Lala en gresse demand̾.

913.0 552.0 472.0 91.0 Apres ores dire ⁊ conter

913.0 621.0 569.0 91.0 Com dans paris en esploita

907.0 671.0 572.0 102.0 Qͥ dame Elaine en amena

907.0 737.0 455.0 100.0 Les noces ⁊ laiostem̃t

902.0 804.0 574.0 91.0 Q̾ comꝑerent mainte gent

899.0 868.0 516.0 100.0 Ap̃s ores les prophesies

904.0 932.0 544.0 94.0 Qͥ pas ne uaurent estre oies

904.0 1001.0 542.0 97.0 Ne creues ne tant ne qant

904.0 1051.0 583.0 116.0 Dont puis mesauint a p̾ant

902.0 1126.0 530.0 91.0 Qagamenõ ⁊ menelax

910.0 1192.0 419.0 106.0 Palamedes ⁊ aiax

899.0 1251.0 549.0 105.0 ⁊ .c. roi Rice home pͥsie

896.0 1325.0 547.0 95.0 Y uirent sor troiens irie

910.0 1381.0 452.0 97.0 P̶ mer a nauie ml̾t f̾

899.0 1436.0 547.0 111.0 Ainc mais tant rice ch̾r

907.0 1508.0 522.0 103.0 Ne furent ne auant ne pꝰ

907.0 1575.0 594.0 94.0 Ainsi com en lestoire truis

899.0 1631.0 569.0 88.0 Le nombre ores de la nauie

893.0 1697.0 539.0 89.0 ⁊ coment el fu establie

893.0 1772.0 553.0 89.0 ⁊ les facons les contenãces

888.0 1819.0 699.0 114.0 Les mours les teches les sãblãces

890.0 1897.0 631.0 102.0 Des rois des princes des danseles

890.0 1958.0 564.0 100.0 ⁊ des dames ⁊ des puceles

890.0 2036.0 542.0 91.0 ⁊ si orres del grant ꝯcirre

882.0 2099.0 555.0 95.0 ⁊ al q̃l fu liure lempirre

882.0 2174.0 461.0 81.0 ⁊ la signorie de tous

885.0 2219.0 638.0 108.0 ⁊ com dans achilles li prous

879.0 2291.0 336.0 91.0 A la el defois

893.0 2355.0 469.0 91.0 La u il uit les uisions

885.0 2402.0 588.0 111.0 Com calcas auoi o lui ẽ uĩt

888.0 2468.0 594.0 111.0 Qͥ  dist puis qanqͥl lor auint

879.0 2540.0 550.0 103.0 ⁊ com agamenõ li rois

868.0 2599.0 561.0 97.0 Sacrefia uoiant gͤgois

877.0 2671.0 488.0 97.0 p᷑ lorage faire cesser

874.0 2723.0 591.0 100.0 Qͥ lor toloit mer apasser

965.0 2801.0 450.0 89.0 pres ores de thenedon

890 2857 553 102 com̃t fu pris ⁊ ꝯm̃t no᷑

865 2923 536 89 Com le ꝯq̾st fist acilles

863.0 2995.0 494.0 84.0 ⁊ thelefus ⁊ Ulises

860.0 3031.0 674.0 114.0 Sor ceus de mede qͥl uẽqͥrẽt

865.0 3106.0 467.0 100.0 ⁊ com̃t il se ꝯbatirẽt.

863.0 3176.0 558.0 88.0 Com thelefus ot le pais

860.0 3231.0 611.0 94.0 Qant rois Remꝰ i fu ocis

877.0 3303.0 616.0 103.0 Puis uꝰ dirai com Ulixes

868.0 3373.0 605.0 80.0 ⁊ ses compaĩg Diomedes

860.0 3436.0 563.0 72.0 alerent port̾ le message

863.0 3481.0 594.0 94.0 ⁊ req̃re droit de loltrage

857.0 3539.0 586.0 97.0 Qͥ en gresse auoit este fais

860.0 3614.0 591.0 83.0 ⁊ les ramprones ⁊ les lais

860.0 3672.0 552.0 78.0 Qi l dirẽt ⁊ qui dit lor fu

874.0 3733.0 511.0 97.0 ⁊ qanqͥl i ot respondu

868.0 3794.0 553.0 94.0 Com palamedes reuĩt

841.0 3858.0 574.0 100.0 C il qͥl empire ot pꝰ ⁊ tĩt

943.0 3922.0 450.0 86.0 pres ores confaitem̃t

929.0 3969.0 536.0 114.0 Iosterent puis lor ꝑlem̃t

871.0 4052.0 566.0 117.0 Com li consel furent done

1707.0 324.0 466.0 111.0 Daler asseir la cite

1673.0 402.0 603.0 102.0 Sores des rices rois ꝑler

1718.0 460.0 546.0 105.0 ⁊ lun auant lautre nom̃

1690.0 527.0 613.0 97.0 Qͥ la uinrent les gͥus garnir

1781.0 576.0 497.0 106.0 les batailles maintenir

1690.0 643.0 588.0 103.0 Com li nes furẽt establies

1709.0 718.0 608.0 89.0 li grans estoire ⁊ li nauies

1690.0 773.0 561.0 98.0 Com̃t ꝓreselaus li prous

1690.0 826.0 622.0 114.0 Corut a .c. nes auant tous

1690.0 893.0 569.0 111.0 Com les autres uĩrent ap̃s

1693.0 965.0 588.0 102.0 O d .c.m. ch̾rs ⁊ mes

1682.0 1026.0 588.0 114.0 Des troiens quis recoillirẽt

1684.0 1081.0 650.0 125.0 ⁊ com le port lor desfendirent

1684.0 1162.0 580.0 113.0 Com par force ⁊ ꝑ estauoir

1695.0 1231.0 619.0 97.0 Cil siglerent sempre le soir

1687.0 1292.0 539.0 97.0 Sores com troie fu asise

1679.0 1348.0 583.0 102.0 Qͥ de .x. ans ne fu puis pͥse

1701.0 1420.0 550.0 88.0 ⁊ la meruelle ⁊ la dolor

1695.0 1484.0 522.0 91.0 La bataille ⁊ le pꝰ estor

1684.0 1542.0 528.0 108.0 Ou ector ocist patroclꝰ

1687.0 1608.0 541.0 106.0 ⁊ bñ .xii. ch̾rs ou plus

1679.0 1675.0 544.0 103.0 Si ores com il fu naures

1679.0 1742.0 544.0 105.0 ⁊ ch̾rem̃t puis comꝑes

1684.0 1800.0 597.0 108.0 ⁊ com fu mors cassibelans

1687.0 1877.0 519.0 92.0 Qͥ ses frere ert ⁊ fiꝰ pͥans

1687.0 1927.0 602.0 114.0 ⁊ com sor grius tornast li maꝰ

1701.0 1997.0 552.0 105.0 Ne fust Telamon Aiaus

1682.0 2058.0 530.0 102.0 Qi a hector se combatoit

1687.0 2133.0 614.0 94.0 Qant luns lautre ne conissoit

1687.0 2199.0 577.0 114.0 Sores des triues qͥl reqͥsent

1687.0 2260.0 619.0 106.0 Qͥ l sentre donerent ⁊ prisent

1690.0 2338.0 555.0 83.0 Le dol qachilles demena

1695.0 2393.0 536.0 92.0 p᷑ patroclus q̃  trop ama

1679.0 2452.0 613.0 94.0 De cassandra la fille al roi

1684.0 2518.0 580.0 97.0 Qͥ mist cels dedens en effroi

1690.0 2588.0 530.0 105.0 p᷑ ses parfons deuinem̃s

1684.0 2665.0 567.0 95.0 ⁊ p᷑ ces prophetisemens

1682.0 2726.0 527.0 92.0 ⁊ puis uꝰ redirai ap̾s

1684.0 2784.0 583.0 84.0 Confaitem̃t palamedes

1687.0 2848.0 569.0 95.0 F u dolans de la signorie

1679.0 2909.0 610.0 89.0 d e la force ⁊ de la maistrie

1676.0 2987.0 638.0 83.0 Q agamenõ ot sor Gregois

1704.0 3040.0 627.0 94.0 Sans son consel ⁊ sor son pois

1684.0 3115.0 522.0 80.0 La bataille qui ap̃s uint

1679.0 3156.0 574.0 100.0 Qͥ ml̾t redura puis ⁊ tint

1682.0 3237.0 566.0 80.0 D irai en ord̾̾ mot a mout

1687.0 3298.0 527.0 88.0 ⁊ ce q̃ cascuns i fist tot

1673.0 3348.0 600.0 102.0 Com Greu en erent le pior

1712.0 3420.0 511.0 97.0 ꝑ la force ⁊ par la uigour

1659.0 3481.0 586.0 75.0 D ector le prou le uertuos

1665.0 3533.0 633.0 103.0 Sor tous hardis fu m̾uillous

1676.0 3603.0 569.0 91.0 C om li concel en furent pͥs

1682.0 3669.0 535.0 78.0 Delui com̃t il fust ocis

1684.0 3739.0 555.0 86.0 Puis ores la qarte bataille

1679.0 3789.0 638.0 91.0 Delui ⁊ la grande trauaille

1684.0 3861.0 511.0 83.0 Qͥ il firent a cels dedens

1670.0 3916.0 636.0 97.0 Uont il i ot .iiim. sanglens

1704.0 3983.0 580.0 89.0 ꝯ faitem̃t li Roi puissant

1676.0 4041.0 602.0 117.0 Qͥ estoient deuers priant

2595.0 310.0 460.0 108.0 osterent a cels cors a cors

2511.0 396.0 639.0 81.0 Qͥ plus proisie erent defors

2514.0 460.0 614.0 75.0 Coment thoas li rois fu pͥs

2517.0 518.0 597.0 83.0 Q ector tranca le nes del uis

2514.0 588.0 630.0 74.0 Qan uaut li rois pͥans pꝰ faire

2514.0 637.0 653.0 98.0 Qͤ l comanda Rompͤ ⁊ detraire

2511.0 704.0 564.0 89.0 Com Antenor ⁊ Eneas

2514.0 768.0 505.0 83.0 Troilus ⁊ polidamas

2517.0 840.0 605.0 89.0 Furent es chambres de beltes

2517.0 898.0 527.0 78.0 La ou les a ml̾t honores

2509.0 956.0 516.0 95.0 ⁊ amonestes de bñ faire

2500.0 1023.0 564.0 83.0 Apres ores dire ⁊ retraire

2500.0 1087.0 567.0 94.0 Dun orage ml̾t fort ⁊ f̾

2509.0 1151.0 560.0 80.0 Qͥ uers tere fist trebuch̾

2511.0 1228.0 547.0 75.0 les tres de paile de samis

2500.0 1281.0 503.0 100.0 Apres raconte li escͥs

2503.0 1342.0 622.0 89.0 Com fu de la quinte asamblee

2503.0 1411.0 508.0 92.0 Qͥ a grant ire fu iostee

2517.0 1484.0 489.0 83.0 Si uꝰ dirai tout a deuise

2506.0 1531.0 608.0 83.0 Com fu mors li rois de larise

2506.0 1594.0 652.0 95.0 ⁊ com fu mors li Rois Bodois

2506.0 1664.0 694.0 94.0 Uns des plus haus de lost Gregois

2506.0 1728.0 594.0 94.0 ⁊ com fu mors Epitrophus

2523.0 1800.0 530.0 80.0 ⁊ ses frere Rois Cedius

2525.0 1869.0 589.0 81.0 ⁊ dis autres Rois plꝰ de .x.

2517.0 1930.0 547.0 86.0 Qͥ ml̾t estoient de haut pͥs

2597.0 1991.0 497.0 97.0 p̃s ores dire ⁊ Retraire

2528.0 2060.0 605.0 92.0 coment i uĩt li Saietaire

2509.0 2116.0 585.0 92.0 ⁊ sa samblance ⁊ ce qͥl fist

2514.0 2191.0 580.0 80.0 ⁊ com diomedes lo oist

2506.0 2257.0 508.0 89.0 Sores ap̃s de Galatee

2509.0 2310.0 658.0 103.0 Com por lui sort aspre meslee

2506.0 2379.0 627.0 92.0 ert li cheuax hector leslit

2503.0 2438.0 622.0 94.0 Qͥ son pois dor ualoit ce quit

2506.0 2513.0 633.0 80.0 Com Antenor fu pͥs le ior

2509.0 2576.0 594.0 92.0 Dont Troien orent dolor

2503.0 2637.0 483.0 95.0 Com li bataille desina

2503.0 2707.0 503.0 77.0 Qͥ lendemain reꝯm̃ca

2511.0 2754.0 542.0 94.0 Pesme cruel orible male

2509.0 2818.0 635.0 97.0 Dont .uiim. remesent pale

2503.0 2882.0 655.0 111.0 Com greu san uaurẽt ret᷑ner

2506.0 2970.0 577.0 84.0 ⁊ com calcas ꝑ son sauoir

2506.0 3029.0 602.0 86.0 Les fist a force remanoir

2517.0 3101.0 530.0 80.0 Puis si dirai ꝯfaitem̃t

2500.0 3140.0 580.0 94.0 Erent tuit liure a torm̃t

2498.0 3206.0 574.0 86.0 De la puor des cors poris

2506.0 3267.0 641.0 103.0 C on nauoit pas enseuelis

2503.0 3345.0 544.0 86.0 Com tͥue lor estut req̃rre

2514.0 3389.0 633.0 106.0 p᷑ aus ardoir ⁊ metre en t̾re

2506.0 3450.0 505.0 95.0 C om diomedes i ala

2514.0 3528.0 497.0 91.0 ⁊ Ulises q̃ ml̾t ama

2500.0 3569.0 661.0 98.0 Com Dolon lesprist ẽ ꝯduit

2500.0 3639.0 603.0 108.0 Endroit ore de mie nuit

2503.0 3705.0 683.0 95.0 Com la triue de ira .iii. mois

2503.0 3778.0 683.0 86.0 Malgre hector ⁊ sor son pois

2495.0 3836.0 627.0 97.0 Com li cors furent amasse

2503.0 3886.0 636.0 105.0 ⁊ com en furent gnͣt lire

2511.0 3952.0 622.0 111.0 ꝯ refu pris li parlemens

2489.0 4011.0 664.0 124.0 De cels defors a cels dedens
