<alto xmlns:xsi="http://www.w3.org/2001/XMLSchema-instance" xmlns="http://www.loc.gov/standards/alto/ns-v4#" xsi:schemaLocation="http://www.loc.gov/standards/alto/ns-v4# http://www.loc.gov/standards/alto/v4/alto-4-2.xsd">
  <Description>
    <MeasurementUnit>pixel</MeasurementUnit>
    <sourceImageInformation>
      <fileName>btv1b8415202d_f14.jpg</fileName>
      
    </sourceImageInformation>
  </Description>
  
  <Tags>
    <OtherTag ID="BT1" LABEL="Title" DESCRIPTION="block type Title"/><OtherTag ID="BT2" LABEL="Main" DESCRIPTION="block type Main"/><OtherTag ID="BT3" LABEL="Commentary" DESCRIPTION="block type Commentary"/><OtherTag ID="BT4" LABEL="Illustration" DESCRIPTION="block type Illustration"/><OtherTag ID="BT8864" LABEL="StampZone" DESCRIPTION="block type StampZone"/><OtherTag ID="BT8865" LABEL="TableZone" DESCRIPTION="block type TableZone"/><OtherTag ID="BT8866" LABEL="TitlePageZone" DESCRIPTION="block type TitlePageZone"/><OtherTag ID="BT8853" LABEL="DamageZone" DESCRIPTION="block type DamageZone"/><OtherTag ID="BT8854" LABEL="DecorationZone" DESCRIPTION="block type DecorationZone"/><OtherTag ID="BT8855" LABEL="DigitizationArtefactZone" DESCRIPTION="block type DigitizationArtefactZone"/><OtherTag ID="BT8856" LABEL="DropCapitalZone" DESCRIPTION="block type DropCapitalZone"/><OtherTag ID="BT8857" LABEL="MainZone" DESCRIPTION="block type MainZone"/><OtherTag ID="BT8858" LABEL="MarginTextZone" DESCRIPTION="block type MarginTextZone"/><OtherTag ID="BT8859" LABEL="MusicZone" DESCRIPTION="block type MusicZone"/><OtherTag ID="BT8860" LABEL="NumberingZone" DESCRIPTION="block type NumberingZone"/><OtherTag ID="BT8861" LABEL="QuireMarksZone" DESCRIPTION="block type QuireMarksZone"/><OtherTag ID="BT8862" LABEL="RunningTitleZone" DESCRIPTION="block type RunningTitleZone"/><OtherTag ID="BT8863" LABEL="SealZone" DESCRIPTION="block type SealZone"/>
    <OtherTag ID="LT1" LABEL="Main" DESCRIPTION="line type Main"/><OtherTag ID="LT2" LABEL="Numbering" DESCRIPTION="line type Numbering"/><OtherTag ID="LT3" LABEL="Correction" DESCRIPTION="line type Correction"/><OtherTag ID="LT4" LABEL="Signature" DESCRIPTION="line type Signature"/><OtherTag ID="LT3158" LABEL="DefaultLine" DESCRIPTION="line type DefaultLine"/><OtherTag ID="LT3159" LABEL="DropCapitalLine" DESCRIPTION="line type DropCapitalLine"/><OtherTag ID="LT3160" LABEL="HeadingLine" DESCRIPTION="line type HeadingLine"/><OtherTag ID="LT3161" LABEL="InterlinearLine" DESCRIPTION="line type InterlinearLine"/>
  </Tags>
  
  <Layout>
    <Page WIDTH="3600" HEIGHT="4993" PHYSICAL_IMG_NR="3" ID="eSc_dummypage_">
      <PrintSpace HPOS="0" VPOS="0" WIDTH="3600" HEIGHT="4993">
        
        <TextBlock HPOS="843.0" VPOS="355.0" WIDTH="761.0" HEIGHT="3825.0" ID="eSc_textblock_0a7af409" TAGREFS="BT8857">
          <Shape><Polygon POINTS="971 355 1360 366 1437 388 1471 454 1504 2427 1548 2563 1548 3636 1604 4105 1515 4180 877 4158 843 621 854 399 971 355"/></Shape>
          
          
          <TextLine ID="eSc_line_ef791763" TAGREFS="LT3158" BASELINE="902 443 1415 427" HPOS="899.0" VPOS="332.0" WIDTH="516.0" HEIGHT="145.0">
            <Shape><Polygon POINTS="902 443 902 477 1415 457 1415 427 1407 332 1257 338 1254 338 1251 338 1251 341 1240 349 1224 366 1204 355 1199 349 1196 349 1193 349 1190 349 1187 349 1146 360 1057 388 899 388 902 443"/></Shape>
	    <String CONTENT="⁊ sores le tresime estor" HPOS="899.0" VPOS="332.0" WIDTH="516.0" HEIGHT="145.0"/>
          </TextLine>

          
          
          <TextLine ID="eSc_line_c4ad6ba9" TAGREFS="LT3158" BASELINE="885 513 1501 493" HPOS="882.0" VPOS="432.0" WIDTH="619.0" HEIGHT="103.0">
            <Shape><Polygon POINTS="885 513 885 535 1282 532 1285 532 1287 532 1323 518 1354 529 1357 529 1360 529 1362 529 1412 515 1496 527 1501 493 1493 432 1396 449 1287 443 1249 441 1246 441 1243 441 1240 441 1235 446 1221 454 1179 449 1149 443 1146 443 882 463 885 513"/></Shape>
	    <String CONTENT="Com troilus le uaint le ior" HPOS="882.0" VPOS="432.0" WIDTH="619.0" HEIGHT="103.0"/>
          </TextLine>

          
          
          <TextLine ID="eSc_line_9241f82f" TAGREFS="LT3158" BASELINE="880 573 1412 563" HPOS="878" VPOS="518" WIDTH="534" HEIGHT="85">
            <Shape><Polygon POINTS="952 603 1410 576 1412 563 1404 518 932 521 878 586"/></Shape>
	    <String CONTENT="⁊ ausi fist il lendemain" HPOS="878" VPOS="518" WIDTH="534" HEIGHT="85"/>
          </TextLine>

          
          
          <TextLine ID="eSc_line_d37c8776" TAGREFS="LT3158" BASELINE="877 637 1532 613" HPOS="874.0" VPOS="549.0" WIDTH="658.0" HEIGHT="116.0">
            <Shape><Polygon POINTS="1401 565 1373 565 1368 565 1354 568 1321 568 1274 565 1262 565 1235 565 1207 565 1179 565 1160 565 1151 574 1146 576 1138 574 1124 568 1124 568 1101 568 1088 574 1074 582 874 582 877 637 877 665 1532 635 1532 613 1526 563 1446 549 1443 549 1404 557 1401 565"/></Shape>
	    <String CONTENT="Bñ nous en fist Daire ch̾tain" HPOS="874.0" VPOS="549.0" WIDTH="658.0" HEIGHT="116.0"/>
          </TextLine>

          
          
          <TextLine ID="eSc_line_bb814cd7" TAGREFS="LT3158" BASELINE="877 693 1373 685" HPOS="874.0" VPOS="637.0" WIDTH="499.0" HEIGHT="84.0">
            <Shape><Polygon POINTS="877 693 877 721 1373 701 1373 685 1365 637 874 643 877 693"/></Shape>
	    <String CONTENT="Ap̃s irot tͥues douees" HPOS="874.0" VPOS="637.0" WIDTH="499.0" HEIGHT="84.0"/>
          </TextLine>

          
          
          <TextLine ID="eSc_line_b769560d" TAGREFS="LT3158" BASELINE="882 757 1398 746" HPOS="879.0" VPOS="701.0" WIDTH="519.0" HEIGHT="81.0">
            <Shape><Polygon POINTS="882 757 882 782 1398 765 1398 746 1390 701 879 710 882 757"/></Shape>
	    <String CONTENT="Qͥ bñ furent asseurees" HPOS="879.0" VPOS="701.0" WIDTH="519.0" HEIGHT="81.0"/>
          </TextLine>

          
          
          <TextLine ID="eSc_line_c6b06f85" TAGREFS="LT3158" BASELINE="868 826 1462 812" HPOS="865.0" VPOS="748.0" WIDTH="597.0" HEIGHT="106.0">
            <Shape><Polygon POINTS="1351 748 1312 757 1274 765 1249 757 1235 751 1232 751 1229 751 1226 751 1224 751 1218 757 1204 771 954 773 865 760 868 826 871 854 899 840 1013 848 1079 851 1082 851 1235 837 1274 834 1290 834 1426 843 1429 843 1432 843 1462 826 1462 812 1457 757 1354 748 1351 748"/></Shape>
	    <String CONTENT="Sores coment d̾iomedes" HPOS="865.0" VPOS="748.0" WIDTH="597.0" HEIGHT="106.0"/>
          </TextLine>

          
          
          <TextLine ID="eSc_line_89e43d0a" TAGREFS="LT3158" BASELINE="890 890 1346 882" HPOS="888.0" VPOS="818.0" WIDTH="458.0" HEIGHT="100.0">
            <Shape><Polygon POINTS="890 890 890 918 1343 904 1346 882 1337 818 888 829 890 890"/></Shape>
	    <String CONTENT="Nestor li uiꝰ ⁊ ulixes" HPOS="888.0" VPOS="818.0" WIDTH="458.0" HEIGHT="100.0"/>
          </TextLine>

          
          
          <TextLine ID="eSc_line_8ec8e930" TAGREFS="LT3158" BASELINE="879 954 1457 937" HPOS="874.0" VPOS="871.0" WIDTH="583.0" HEIGHT="108.0">
            <Shape><Polygon POINTS="904 890 902 887 874 887 879 954 879 979 1357 973 1457 954 1457 937 1448 871 1351 893 1065 898 921 890 904 890"/></Shape>
	    <String CONTENT="Alerent achilles proier" HPOS="874.0" VPOS="871.0" WIDTH="583.0" HEIGHT="108.0"/>
          </TextLine>

          
          
          <TextLine ID="eSc_line_20adbcd1" TAGREFS="LT3158" BASELINE="879 1015 1465 1001" HPOS="877.0" VPOS="943.0" WIDTH="588.0" HEIGHT="91.0">
            <Shape><Polygon POINTS="1004 951 1002 951 999 951 977 968 971 968 904 956 902 956 899 956 896 956 877 968 879 1015 879 1034 1465 1020 1465 1001 1457 943 1082 965 1065 962 1007 951 1004 951"/></Shape>
	    <String CONTENT="Q as batailles lor uigne aid̾" HPOS="877.0" VPOS="943.0" WIDTH="588.0" HEIGHT="91.0"/>
          </TextLine>

          
          
          <TextLine ID="eSc_line_31ba38dd" TAGREFS="LT3158" BASELINE="899 1076 1551 1059" HPOS="896.0" VPOS="1006.0" WIDTH="655.0" HEIGHT="103.0">
            <Shape><Polygon POINTS="899 1076 904 1106 927 1092 963 1104 979 1109 982 1109 985 1109 988 1109 1010 1104 1054 1090 1088 1101 1110 1106 1113 1106 1115 1106 1171 1095 1226 1087 1312 1092 1437 1098 1440 1098 1551 1081 1551 1059 1543 1006 896 1023 899 1076"/></Shape>
	    <String CONTENT="Mais ni porent nul bñ trouer" HPOS="896.0" VPOS="1006.0" WIDTH="655.0" HEIGHT="103.0"/>
          </TextLine>

          
          
          <TextLine ID="eSc_line_ca4213c2" TAGREFS="LT3158" BASELINE="896 1142 1429 1123" HPOS="893.0" VPOS="1073.0" WIDTH="536.0" HEIGHT="100.0">
            <Shape><Polygon POINTS="896 1142 896 1173 971 1156 1007 1170 1010 1170 1013 1170 1015 1170 1018 1170 1021 1170 1065 1153 1082 1167 1085 1167 1088 1167 1090 1167 1104 1167 1221 1148 1246 1162 1249 1162 1251 1162 1254 1162 1257 1162 1260 1162 1290 1145 1426 1153 1429 1123 1421 1073 893 1084 896 1142"/></Shape>
	    <String CONTENT="p᷑ tant sanquid̾rent aler" HPOS="893.0" VPOS="1073.0" WIDTH="536.0" HEIGHT="100.0"/>
          </TextLine>

          
          
          <TextLine ID="eSc_line_b52bc6e8" TAGREFS="LT3158" BASELINE="888 1206 1543 1178" HPOS="885.0" VPOS="1126.0" WIDTH="658.0" HEIGHT="111.0">
            <Shape><Polygon POINTS="1326 1128 1298 1128 1296 1128 1271 1131 1260 1131 885 1156 888 1206 888 1237 1543 1212 1543 1178 1537 1131 1348 1126 1326 1128"/></Shape>
	    <String CONTENT="Mais Caucas li bons deuinere" HPOS="885.0" VPOS="1126.0" WIDTH="658.0" HEIGHT="111.0"/>
          </TextLine>

          
          
          <TextLine ID="eSc_line_c9fc1325" TAGREFS="LT3158" BASELINE="893 1272 1435 1253" HPOS="886" VPOS="1194" WIDTH="545" HEIGHT="108">
            <Shape><Polygon POINTS="969 1202 928 1202 886 1202 890 1269 890 1302 1427 1277 1431 1252 1419 1194 982 1198 969 1202"/></Shape>
	    <String CONTENT="⁊ litres sages augurere" HPOS="886" VPOS="1194" WIDTH="545" HEIGHT="108"/>
          </TextLine>

          
          
          <TextLine ID="eSc_line_6c9897ee" TAGREFS="LT3158" BASELINE="888 1334 1435 1314" HPOS="885.0" VPOS="1256.0" WIDTH="550.0" HEIGHT="122.0">
            <Shape><Polygon POINTS="1343 1256 1282 1270 1257 1275 885 1275 888 1334 888 1378 946 1378 949 1378 952 1378 952 1375 982 1350 1038 1364 1040 1364 1043 1364 1046 1364 1049 1364 1068 1350 1432 1350 1435 1314 1429 1270 1346 1256 1343 1256"/></Shape>
	    <String CONTENT="ꝑ son sans ⁊ ꝑ son sauoir" HPOS="885.0" VPOS="1256.0" WIDTH="550.0" HEIGHT="122.0"/>
          </TextLine>

          
          
          <TextLine ID="eSc_line_5d96eeac" TAGREFS="LT3158" BASELINE="896 1395 1465 1381" HPOS="893.0" VPOS="1334.0" WIDTH="572.0" HEIGHT="80.0">
            <Shape><Polygon POINTS="896 1395 896 1414 1462 1406 1465 1381 1459 1337 893 1334 896 1395"/></Shape>
	    <String CONTENT="L es i fist trestos remanoir" HPOS="893.0" VPOS="1334.0" WIDTH="572.0" HEIGHT="80.0"/>
          </TextLine>

          
          
          <TextLine ID="eSc_line_ef9fc419" TAGREFS="LT3158" BASELINE="985 1456 1396 1445" HPOS="982.0" VPOS="1392.0" WIDTH="414.0" HEIGHT="86.0">
            <Shape><Polygon POINTS="985 1456 985 1478 1396 1472 1396 1445 1387 1392 982 1406 985 1456"/></Shape>
	    <String CONTENT="pres raconte li escris" HPOS="982.0" VPOS="1392.0" WIDTH="414.0" HEIGHT="86.0"/>
          </TextLine>

          
          
          <TextLine ID="eSc_line_7aec76b5" TAGREFS="LT3158" BASELINE="949 1525 1398 1508" HPOS="943.0" VPOS="1450.0" WIDTH="455.0" HEIGHT="106.0">
            <Shape><Polygon POINTS="1251 1450 1249 1450 1235 1459 1221 1464 1199 1459 1182 1453 1179 1453 1176 1453 1174 1453 1171 1453 1168 1459 1149 1472 1057 1472 943 1459 949 1525 949 1556 1398 1536 1398 1508 1390 1459 1290 1464 1279 1459 1268 1450 1251 1450"/></Shape>
	    <String CONTENT="com raiosta li fereis" HPOS="943.0" VPOS="1450.0" WIDTH="455.0" HEIGHT="106.0"/>
          </TextLine>

          
          
          <TextLine ID="eSc_line_74e85031" TAGREFS="LT3158" BASELINE="893 1586 1437 1572" HPOS="890.0" VPOS="1514.0" WIDTH="547.0" HEIGHT="103.0">
            <Shape><Polygon POINTS="1002 1525 990 1525 979 1536 890 1525 893 1586 893 1603 1099 1617 1101 1617 1104 1617 1107 1617 1107 1614 1124 1600 1215 1614 1218 1614 1437 1592 1437 1572 1429 1514 1088 1533 1015 1522 1002 1525"/></Shape>
	    <String CONTENT="L i dolerous ⁊ li mortaus" HPOS="890.0" VPOS="1514.0" WIDTH="547.0" HEIGHT="103.0" WC="0.953728032112122"/>
          </TextLine>

          
          
          <TextLine ID="eSc_line_6e61d6fb" TAGREFS="LT3158" BASELINE="893 1650 1490 1644" HPOS="893.0" VPOS="1581.0" WIDTH="597.0" HEIGHT="102.0">
            <Shape><Polygon POINTS="893 1683 1487 1678 1490 1644 1482 1581 1168 1603 1060 1589 1057 1589 1054 1589 1051 1589 1051 1592 1040 1600 1024 1586 1021 1586 1018 1586 1015 1586 932 1603 893 1586 893 1650 893 1683"/></Shape>
	    <String CONTENT="U irent mort tant bons uasaꝰ" HPOS="893.0" VPOS="1581.0" WIDTH="597.0" HEIGHT="102.0"/>
          </TextLine>

          
          
          <TextLine ID="eSc_line_ed566019" TAGREFS="LT3158" BASELINE="899 1711 1426 1708" HPOS="896.0" VPOS="1653.0" WIDTH="530.0" HEIGHT="94.0">
            <Shape><Polygon POINTS="899 1711 907 1744 918 1730 1063 1739 1151 1744 1154 1747 1398 1747 1398 1744 1401 1744 1404 1744 1426 1728 1426 1708 1418 1653 896 1664 899 1711"/></Shape>
	    <String CONTENT="U troilus li gens li prous" HPOS="896.0" VPOS="1653.0" WIDTH="530.0" HEIGHT="94.0"/>
          </TextLine>

          
          
          <TextLine ID="eSc_line_99d58141" TAGREFS="LT3158" BASELINE="882 1780 1446 1769" HPOS="879.0" VPOS="1714.0" WIDTH="567.0" HEIGHT="94.0">
            <Shape><Polygon POINTS="882 1780 882 1808 1415 1808 1415 1805 1418 1805 1421 1805 1446 1789 1446 1769 1437 1719 1274 1728 1212 1719 1179 1714 1176 1714 1174 1714 1160 1719 1121 1730 1038 1719 1018 1717 1015 1717 999 1719 924 1733 879 1719 882 1780"/></Shape>
	    <String CONTENT="D ambes .ii. ꝑs les uenqͥ tos" HPOS="879.0" VPOS="1714.0" WIDTH="567.0" HEIGHT="94.0"/>
          </TextLine>

          
          
          <TextLine ID="eSc_line_ae1c8ac2" TAGREFS="LT3158" BASELINE="879 1847 1440 1833" HPOS="877.0" VPOS="1789.0" WIDTH="563.0" HEIGHT="80.0">
            <Shape><Polygon POINTS="879 1847 879 1869 1440 1864 1440 1833 1432 1789 877 1797 879 1847"/></Shape>
	    <String CONTENT="Com il naura diomedes" HPOS="877.0" VPOS="1789.0" WIDTH="563.0" HEIGHT="80.0"/>
          </TextLine>

          
          
          <TextLine ID="eSc_line_fa1f2872" TAGREFS="LT3158" BASELINE="883 1916 1435 1897" HPOS="878" VPOS="1834" WIDTH="553" HEIGHT="113">
            <Shape><Polygon POINTS="882 1913 882 1947 1431 1926 1431 1893 1419 1834 878 1855 882 1913"/></Shape>
	    <String CONTENT="P̵ mi le cors de plain esles" HPOS="878" VPOS="1834" WIDTH="553" HEIGHT="113"/>
          </TextLine>

          
          
          <TextLine ID="eSc_line_a1553f2d" TAGREFS="LT3158" BASELINE="874 1969 1435 1961" HPOS="871.0" VPOS="1911.0" WIDTH="564.0" HEIGHT="91.0">
            <Shape><Polygon POINTS="874 1969 877 2002 918 1988 985 1999 1013 2002 1015 2002 1018 2002 1038 1997 1068 1988 1179 1991 1382 1997 1385 1997 1387 1997 1435 1980 1435 1961 1426 1911 871 1922 874 1969"/></Shape>
	    <String CONTENT="⁊ scom il la ramprosna" HPOS="871.0" VPOS="1911.0" WIDTH="564.0" HEIGHT="91.0"/>
          </TextLine>

          
          
          <TextLine ID="eSc_line_bd00d757" TAGREFS="LT3158" BASELINE="889 2035 1351 2024" HPOS="882" VPOS="1972" WIDTH="466" HEIGHT="91">
            <Shape><Polygon POINTS="886 2034 886 2063 1344 2047 1348 2022 1335 1972 882 1972 886 2034"/></Shape>
	    <String CONTENT="De sa mie briseida" HPOS="882" VPOS="1972" WIDTH="466" HEIGHT="91"/>
          </TextLine>

          
          
          <TextLine ID="eSc_line_6b66a727" TAGREFS="LT3158" BASELINE="888 2094 1479 2074" HPOS="885.0" VPOS="2027.0" WIDTH="594.0" HEIGHT="100.0">
            <Shape><Polygon POINTS="1218 2030 1190 2030 1174 2030 1099 2030 1079 2033 1051 2033 1024 2033 996 2033 968 2033 965 2030 885 2030 888 2094 888 2127 1479 2105 1479 2074 1471 2027 1221 2027 1218 2030"/></Shape>
	    <String CONTENT="Li reproce furent ml̾t lait" HPOS="885.0" VPOS="2027.0" WIDTH="594.0" HEIGHT="100.0"/>
          </TextLine>

          
          
          <TextLine ID="eSc_line_30a92224" TAGREFS="LT3158" BASELINE="879 2160 1476 2144" HPOS="877.0" VPOS="2085.0" WIDTH="599.0" HEIGHT="100.0">
            <Shape><Polygon POINTS="879 2160 879 2185 1454 2177 1457 2177 1459 2177 1476 2163 1476 2144 1468 2085 877 2105 879 2160"/></Shape>
	    <String CONTENT="⁊ en maint lui dit ⁊ retrait" HPOS="877.0" VPOS="2085.0" WIDTH="599.0" HEIGHT="100.0" WC="0.96342565545014"/>
          </TextLine>

          
          
          <TextLine ID="eSc_line_ed96949f" TAGREFS="LT3158" BASELINE="877 2227 1432 2216" HPOS="874.0" VPOS="2155.0" WIDTH="558.0" HEIGHT="105.0">
            <Shape><Polygon POINTS="877 2227 879 2260 943 2244 1149 2246 1365 2252 1368 2252 1371 2252 1432 2232 1432 2216 1423 2155 874 2171 877 2227"/></Shape>
	    <String CONTENT="Adont ores confaitem̃t" HPOS="874.0" VPOS="2155.0" WIDTH="558.0" HEIGHT="105.0"/>
          </TextLine>

          
          
          <TextLine ID="eSc_line_75274190" TAGREFS="LT3158" BASELINE="885 2288 1451 2282" HPOS="882.0" VPOS="2227.0" WIDTH="569.0" HEIGHT="100.0">
            <Shape><Polygon POINTS="885 2288 885 2307 988 2324 990 2324 1107 2310 1157 2327 1160 2327 1162 2327 1382 2324 1385 2324 1451 2302 1451 2282 1443 2227 882 2241 885 2288"/></Shape>
	    <String CONTENT="Li fille Calcas se repent" HPOS="882.0" VPOS="2227.0" WIDTH="569.0" HEIGHT="100.0"/>
          </TextLine>

          
          
          <TextLine ID="eSc_line_5aec343a" TAGREFS="LT3158" BASELINE="890 2363 1412 2355" HPOS="888.0" VPOS="2291.0" WIDTH="524.0" HEIGHT="102.0">
            <Shape><Polygon POINTS="890 2363 890 2377 1035 2393 1038 2393 1040 2393 1079 2379 1082 2379 1407 2379 1412 2355 1404 2310 1168 2310 1165 2310 1138 2294 1135 2294 1132 2294 1129 2294 1126 2294 1093 2307 1068 2291 1065 2291 1063 2291 1060 2291 1057 2291 1015 2307 913 2294 910 2294 907 2294 904 2294 888 2305 890 2363"/></Shape>
	    <String CONTENT="p᷑ ce q̃ la damor boisie" HPOS="888.0" VPOS="2291.0" WIDTH="524.0" HEIGHT="102.0"/>
          </TextLine>

          
          
          <TextLine ID="eSc_line_1182e590" TAGREFS="LT3158" BASELINE="885 2429 1421 2421" HPOS="882.0" VPOS="2363.0" WIDTH="539.0" HEIGHT="89.0">
            <Shape><Polygon POINTS="885 2429 885 2449 1418 2452 1421 2421 1412 2363 882 2368 885 2429"/></Shape>
	    <String CONTENT="Fausse ⁊ menti ⁊ tͥcie" HPOS="882.0" VPOS="2363.0" WIDTH="539.0" HEIGHT="89.0"/>
          </TextLine>

          
          
          <TextLine ID="eSc_line_b73c9b8f" TAGREFS="LT3158" BASELINE="877 2502 1398 2488" HPOS="874.0" VPOS="2438.0" WIDTH="524.0" HEIGHT="86.0">
            <Shape><Polygon POINTS="877 2502 877 2524 1371 2524 1371 2521 1373 2521 1376 2521 1398 2504 1398 2488 1393 2438 874 2438 877 2502"/></Shape>
	    <String CONTENT="Adont ores le parlem̃t" HPOS="874.0" VPOS="2438.0" WIDTH="524.0" HEIGHT="86.0"/>
          </TextLine>

          
          
          <TextLine ID="eSc_line_e48c4811" TAGREFS="LT3158" BASELINE="882 2568 1476 2549" HPOS="879.0" VPOS="2485.0" WIDTH="597.0" HEIGHT="114.0">
            <Shape><Polygon POINTS="1074 2499 1046 2499 1038 2499 879 2510 882 2568 882 2585 963 2599 965 2599 1476 2565 1476 2549 1471 2485 1407 2485 1404 2485 1401 2485 1398 2485 1398 2488 1379 2504 1162 2499 1093 2496 1074 2499"/></Shape>
	    <String CONTENT="Q̾ grui firent ꝯmunem̃t" HPOS="879.0" VPOS="2485.0" WIDTH="597.0" HEIGHT="114.0"/>
          </TextLine>

          
          
          <TextLine ID="eSc_line_7ba1e9df" TAGREFS="LT3158" BASELINE="885 2632 1543 2613" HPOS="882.0" VPOS="2549.0" WIDTH="661.0" HEIGHT="113.0">
            <Shape><Polygon POINTS="1104 2563 1076 2563 1049 2565 1021 2565 1007 2565 882 2582 885 2632 885 2662 1543 2651 1543 2613 1534 2549 1443 2565 1235 2563 1132 2563 1104 2563"/></Shape>
	    <String CONTENT="Mais nul bñ ne lor ualt respond̾" HPOS="882.0" VPOS="2549.0" WIDTH="661.0" HEIGHT="113.0"/>
          </TextLine>

          
          
          <TextLine ID="eSc_line_88cd2352" TAGREFS="LT3158" BASELINE="882 2696 1465 2679" HPOS="879.0" VPOS="2626.0" WIDTH="586.0" HEIGHT="97.0">
            <Shape><Polygon POINTS="882 2696 882 2712 1071 2723 1074 2723 1165 2710 1199 2704 1462 2704 1465 2679 1457 2626 879 2637 882 2696"/></Shape>
	    <String CONTENT="De sor son uie ⁊ sor son pois" HPOS="879.0" VPOS="2626.0" WIDTH="586.0" HEIGHT="97.0"/>
          </TextLine>

          
          
          <TextLine ID="eSc_line_e20fe405" TAGREFS="LT3158" BASELINE="890 2757 1532 2743" HPOS="888.0" VPOS="2687.0" WIDTH="644.0" HEIGHT="89.0">
            <Shape><Polygon POINTS="890 2757 890 2776 1532 2760 1532 2743 1523 2687 888 2698 890 2757"/></Shape>
	    <String CONTENT="Lor bailla ses mirmidonois" HPOS="888.0" VPOS="2687.0" WIDTH="644.0" HEIGHT="89.0"/>
          </TextLine>

          
          
          <TextLine ID="eSc_line_cbb4b57f" TAGREFS="LT3158" BASELINE="879 2823 1529 2812" HPOS="877.0" VPOS="2746.0" WIDTH="652.0" HEIGHT="108.0">
            <Shape><Polygon POINTS="879 2823 879 2854 1529 2843 1529 2812 1521 2746 877 2768 879 2823"/></Shape>
	    <String CONTENT="Mais troilus les fait sangle̾s" HPOS="877.0" VPOS="2746.0" WIDTH="652.0" HEIGHT="108.0"/>
          </TextLine>

          
          
          <TextLine ID="eSc_line_47a83ae2" TAGREFS="LT3158" BASELINE="882 2882 1457 2876" HPOS="879.0" VPOS="2818.0" WIDTH="578.0" HEIGHT="83.0">
            <Shape><Polygon POINTS="1185 2821 1157 2821 1129 2821 1115 2821 879 2832 882 2882 882 2901 1454 2895 1457 2876 1451 2832 1196 2818 1185 2821"/></Shape>
	    <String CONTENT="De ce fu achilles dolens" HPOS="879.0" VPOS="2818.0" WIDTH="578.0" HEIGHT="83.0"/>
          </TextLine>

          
          
          <TextLine ID="eSc_line_b06f0e16" TAGREFS="LT3158" BASELINE="882 2945 1437 2934" HPOS="879.0" VPOS="2879.0" WIDTH="558.0" HEIGHT="94.0">
            <Shape><Polygon POINTS="1407 2879 1379 2879 1351 2879 1323 2879 1296 2879 1290 2879 1157 2879 1157 2882 1151 2882 879 2884 882 2945 882 2973 1437 2956 1437 2934 1429 2879 1407 2879"/></Shape>
	    <String CONTENT="⁊ ml̾t en a son coer ioie" HPOS="879.0" VPOS="2879.0" WIDTH="558.0" HEIGHT="94.0"/>
          </TextLine>

          
          
          <TextLine ID="eSc_line_7be170bc" TAGREFS="LT3158" BASELINE="888 3006 1518 2995" HPOS="885.0" VPOS="2940.0" WIDTH="633.0" HEIGHT="86.0">
            <Shape><Polygon POINTS="888 3006 888 3026 1515 3017 1518 2995 1509 2940 885 2956 888 3006"/></Shape>
	    <String CONTENT="Car ml̾t furent adamacie" HPOS="885.0" VPOS="2940.0" WIDTH="633.0" HEIGHT="86.0"/>
          </TextLine>

          
          
          <TextLine ID="eSc_line_feda2860" TAGREFS="LT3158" BASELINE="885 3070 1398 3059" HPOS="882.0" VPOS="3004.0" WIDTH="516.0" HEIGHT="91.0">
            <Shape><Polygon POINTS="885 3070 885 3095 1398 3079 1398 3059 1390 3004 882 3006 885 3070"/></Shape>
	    <String CONTENT="Si dirai les desfiem̃s" HPOS="882.0" VPOS="3004.0" WIDTH="516.0" HEIGHT="91.0"/>
          </TextLine>

          
          
          <TextLine ID="eSc_line_3f1f06de" TAGREFS="LT3158" BASELINE="878 3142 1498 3126" HPOS="869" VPOS="3049" WIDTH="625" HEIGHT="109">
            <Shape><Polygon POINTS="1369 3062 1327 3062 1286 3062 1244 3062 1202 3062 1169 3062 1152 3062 1119 3066 1077 3066 1065 3066 869 3070 873 3141 873 3158 1489 3158 1494 3124 1481 3049 1373 3054 1369 3062"/></Shape>
	    <String CONTENT="⁊ la bataille ⁊ les contẽs" HPOS="869" VPOS="3049" WIDTH="625" HEIGHT="109"/>
          </TextLine>

          
          
          <TextLine ID="eSc_line_ea5614f0" TAGREFS="LT3158" BASELINE="888 3187 1482 3176" HPOS="885.0" VPOS="3134.0" WIDTH="597.0" HEIGHT="72.0">
            <Shape><Polygon POINTS="888 3187 888 3206 1479 3206 1482 3176 1473 3134 885 3142 888 3187"/></Shape>
	    <String CONTENT="Com troilus fu desarmes" HPOS="885.0" VPOS="3134.0" WIDTH="597.0" HEIGHT="72.0"/>
          </TextLine>

          
          
          <TextLine ID="eSc_line_587ff1a2" TAGREFS="LT3158" BASELINE="888 3245 1546 3228" HPOS="885.0" VPOS="3187.0" WIDTH="661.0" HEIGHT="83.0">
            <Shape><Polygon POINTS="888 3245 888 3270 1543 3250 1546 3228 1537 3187 885 3189 888 3245"/></Shape>
	    <String CONTENT="Dedens la chambͤ de biautes" HPOS="885.0" VPOS="3187.0" WIDTH="661.0" HEIGHT="83.0"/>
          </TextLine>

          
          
          <TextLine ID="eSc_line_6b71d957" TAGREFS="LT3158" BASELINE="896 3306 1493 3295" HPOS="893.0" VPOS="3250.0" WIDTH="600.0" HEIGHT="84.0">
            <Shape><Polygon POINTS="896 3306 896 3334 1448 3331 1451 3331 1493 3314 1493 3295 1484 3250 893 3253 896 3306"/></Shape>
	    <String CONTENT="O sa mere fist si grant doel" HPOS="893.0" VPOS="3250.0" WIDTH="600.0" HEIGHT="84.0"/>
          </TextLine>

          
          
          <TextLine ID="eSc_line_78849840" TAGREFS="LT3158" BASELINE="893 3370 1515 3359" HPOS="890.0" VPOS="3300.0" WIDTH="625.0" HEIGHT="98.0">
            <Shape><Polygon POINTS="893 3370 893 3395 1088 3384 1129 3389 1199 3398 1201 3398 1285 3384 1307 3381 1332 3381 1459 3392 1462 3392 1465 3392 1515 3375 1515 3359 1507 3300 890 3312 893 3370"/></Shape>
	    <String CONTENT="Q̾ le morust de dol son uoel" HPOS="890.0" VPOS="3300.0" WIDTH="625.0" HEIGHT="98.0"/>
          </TextLine>

          
          
          <TextLine ID="eSc_line_f423e665" TAGREFS="LT3158" BASELINE="893 3431 1518 3425" HPOS="890.0" VPOS="3367.0" WIDTH="628.0" HEIGHT="89.0">
            <Shape><Polygon POINTS="893 3431 893 3456 1515 3442 1518 3425 1512 3384 1385 3367 1382 3367 1298 3381 1287 3381 890 3378 893 3431"/></Shape>
	    <String CONTENT="Adont ores com il se claime" HPOS="890.0" VPOS="3367.0" WIDTH="628.0" HEIGHT="89.0"/>
          </TextLine>

          
          
          <TextLine ID="eSc_line_53a38e2b" TAGREFS="LT3158" BASELINE="890 3495 1515 3484" HPOS="888.0" VPOS="3434.0" WIDTH="627.0" HEIGHT="77.0">
            <Shape><Polygon POINTS="890 3495 890 3511 1512 3508 1515 3484 1509 3436 888 3434 890 3495"/></Shape>
	    <String CONTENT="De la fille Caucas qͥl aime" HPOS="888.0" VPOS="3434.0" WIDTH="627.0" HEIGHT="77.0"/>
          </TextLine>

          
          
          <TextLine ID="eSc_line_1e105e53" TAGREFS="LT3158" BASELINE="890 3561 1529 3547" HPOS="888.0" VPOS="3489.0" WIDTH="641.0" HEIGHT="103.0">
            <Shape><Polygon POINTS="1026 3495 1021 3495 1018 3495 1015 3495 999 3508 924 3497 921 3497 918 3497 888 3508 890 3561 893 3592 946 3578 1146 3581 1265 3583 1268 3583 1526 3564 1529 3547 1521 3489 1026 3492 1026 3495"/></Shape>
	    <String CONTENT="Son anemi pesme ⁊ mortal" HPOS="888.0" VPOS="3489.0" WIDTH="641.0" HEIGHT="103.0"/>
          </TextLine>

          
          
          <TextLine ID="eSc_line_6e91d1cb" TAGREFS="LT3158" BASELINE="890 3619 1507 3625" HPOS="888.0" VPOS="3567.0" WIDTH="619.0" HEIGHT="75.0">
            <Shape><Polygon POINTS="890 3619 888 3642 1504 3642 1507 3625 1501 3567 890 3569 890 3619"/></Shape>
	    <String CONTENT="As puceles en dist gnͣt mal" HPOS="888.0" VPOS="3567.0" WIDTH="619.0" HEIGHT="75.0"/>
          </TextLine>

          
          
          <TextLine ID="eSc_line_fa166789" TAGREFS="LT3158" BASELINE="893 3694 1454 3680" HPOS="890.0" VPOS="3625.0" WIDTH="564.0" HEIGHT="103.0">
            <Shape><Polygon POINTS="1390 3625 1371 3625 1340 3636 1332 3639 890 3636 893 3694 893 3717 1076 3728 1079 3728 1165 3708 1168 3708 1171 3708 1221 3725 1224 3725 1226 3725 1229 3725 1232 3725 1251 3708 1329 3719 1332 3719 1335 3719 1337 3719 1357 3703 1418 3714 1421 3714 1423 3714 1454 3697 1454 3680 1451 3639 1396 3625 1390 3625"/></Shape>
	    <String CONTENT="Ap̃s pores oir conter" HPOS="890.0" VPOS="3625.0" WIDTH="564.0" HEIGHT="103.0"/>
          </TextLine>

          
          
          <TextLine ID="eSc_line_45cce6e0" TAGREFS="LT3158" BASELINE="902 3761 1546 3744" HPOS="899.0" VPOS="3678.0" WIDTH="647.0" HEIGHT="100.0">
            <Shape><Polygon POINTS="1454 3680 1426 3683 1423 3683 1412 3694 1393 3683 1390 3683 1387 3683 1385 3683 1315 3700 1312 3700 1307 3700 1160 3689 1149 3689 1121 3689 1110 3689 1090 3700 1076 3708 899 3703 902 3761 902 3778 1546 3761 1546 3744 1543 3697 1512 3678 1509 3678 1507 3678 1454 3678 1454 3680"/></Shape>
	    <String CONTENT="Com Achilles muert p᷑ am̾" HPOS="899.0" VPOS="3678.0" WIDTH="647.0" HEIGHT="100.0"/>
          </TextLine>

          
          
          <TextLine ID="eSc_line_62870aa2" TAGREFS="LT3158" BASELINE="904 3819 1607 3808" HPOS="902.0" VPOS="3753.0" WIDTH="705.0" HEIGHT="91.0">
            <Shape><Polygon POINTS="985 3761 957 3761 929 3761 902 3761 904 3819 904 3844 1607 3830 1607 3808 1598 3753 996 3758 985 3761"/></Shape>
	    <String CONTENT="Qͥ concel nen requiert ne troeue" HPOS="902.0" VPOS="3753.0" WIDTH="705.0" HEIGHT="91.0"/>
          </TextLine>

          
          
          <TextLine ID="eSc_line_589190ef" TAGREFS="LT3158" BASELINE="904 3883 1543 3866" HPOS="902.0" VPOS="3814.0" WIDTH="641.0" HEIGHT="99.0">
            <Shape><Polygon POINTS="1318 3814 1290 3814 1262 3814 1235 3816 1207 3816 1201 3816 1185 3825 929 3819 927 3819 924 3819 921 3819 902 3830 904 3883 904 3913 1229 3897 1310 3897 1496 3902 1498 3902 1501 3902 1543 3886 1543 3866 1537 3819 1326 3814 1318 3814"/></Shape>
	    <String CONTENT="Nen est si hardis q̃ se moeue" HPOS="902.0" VPOS="3814.0" WIDTH="641.0" HEIGHT="99.0"/>
          </TextLine>

          
          
          <TextLine ID="eSc_line_af21acf5" TAGREFS="LT3158" BASELINE="913 3947 1462 3933" HPOS="910.0" VPOS="3883.0" WIDTH="552.0" HEIGHT="89.0">
            <Shape><Polygon POINTS="913 3947 913 3972 1462 3958 1462 3933 1457 3888 1026 3883 1024 3883 910 3900 913 3947"/></Shape>
	    <String CONTENT="Ne q̃ il nuise as troiens" HPOS="910.0" VPOS="3883.0" WIDTH="552.0" HEIGHT="89.0"/>
          </TextLine>

          
          
          <TextLine ID="eSc_line_13d2f6f5" TAGREFS="LT3158" BASELINE="907 4005 1501 3997" HPOS="904.0" VPOS="3950.0" WIDTH="597.0" HEIGHT="77.0">
            <Shape><Polygon POINTS="907 4005 907 4027 1501 4013 1501 3997 1493 3950 904 3955 907 4005"/></Shape>
	    <String CONTENT="Adont ores qñ po de tens" HPOS="904.0" VPOS="3950.0" WIDTH="597.0" HEIGHT="77.0"/>
          </TextLine>

          
          
          <TextLine ID="eSc_line_0b03404e" TAGREFS="LT3158" BASELINE="899 4060 1573 4060" HPOS="898" VPOS="4006" WIDTH="671" HEIGHT="92">
            <Shape><Polygon POINTS="898 4056 898 4098 1569 4085 1569 4056 1569 4006 898 4006 898 4056"/></Shape>
	    <String CONTENT="I Rot bataille grant ⁊ f̾re" HPOS="898" VPOS="4006" WIDTH="671" HEIGHT="92"/>
          </TextLine>

          
          
          <TextLine ID="eSc_line_bcc39fb7" TAGREFS="LT3158" BASELINE="913 4127 1618 4119" HPOS="910.0" VPOS="4063.0" WIDTH="708.0" HEIGHT="95.0">
            <Shape><Polygon POINTS="1521 4063 1493 4063 1465 4063 1437 4063 1410 4063 1387 4063 1379 4072 1376 4072 1346 4063 1326 4063 1298 4063 1293 4063 1138 4074 1129 4074 1126 4074 1040 4063 1021 4063 1002 4063 910 4077 913 4127 913 4158 1618 4152 1618 4119 1612 4069 1529 4063 1521 4063"/></Shape>
	    <String CONTENT="Tel dont .m. en furẽt ẽ biere" HPOS="910.0" VPOS="4063.0" WIDTH="708.0" HEIGHT="95.0"/>
          </TextLine>

          
        </TextBlock>
        
        <TextBlock HPOS="1640.0" VPOS="310.0" WIDTH="697.0" HEIGHT="3870.0" ID="eSc_textblock_0d78f5ca" TAGREFS="BT8857">
          <Shape><Polygon POINTS="1795 310 2281 321 2314 421 2337 3947 2314 4135 2214 4180 1673 4146 1640 576 1795 310"/></Shape>
          
          
          <TextLine ID="eSc_line_66b38f6b" TAGREFS="LT3158" BASELINE="1765 416 2264 388" HPOS="1759.0" VPOS="318.0" WIDTH="505.0" HEIGHT="131.0">
            <Shape><Polygon POINTS="1765 416 1765 449 2162 413 2173 416 2198 427 2201 427 2203 427 2206 427 2264 407 2264 388 2256 318 1759 324 1765 416"/></Shape>
	    <String CONTENT="Ntilogus li prous li biax" HPOS="1759.0" VPOS="318.0" WIDTH="505.0" HEIGHT="131.0"/>
          </TextLine>

          
          
          <TextLine ID="eSc_line_a32127f8" TAGREFS="LT3158" BASELINE="1759 479 2342 449" HPOS="1756.0" VPOS="399.0" WIDTH="586.0" HEIGHT="100.0">
            <Shape><Polygon POINTS="1759 479 1759 499 2167 493 2170 493 2181 490 2237 477 2339 485 2342 449 2337 402 2115 399 2112 399 2023 418 2006 421 1998 418 1967 410 1965 410 1962 410 1756 432 1759 479"/></Shape>
	    <String CONTENT="Iieta mort. Brun de ienuax" HPOS="1756.0" VPOS="399.0" WIDTH="586.0" HEIGHT="100.0"/>
          </TextLine>

          
          
          <TextLine ID="eSc_line_752f0025" TAGREFS="LT3158" BASELINE="1660 556 2306 510" HPOS="1652" VPOS="457" WIDTH="653" HEIGHT="129">
            <Shape><Polygon POINTS="1652 532 1656 553 1656 586 2301 540 2305 507 2297 457 1681 490 1652 532"/></Shape>
	    <String CONTENT="Dont uous dirai com troilus" HPOS="1652" VPOS="457" WIDTH="653" HEIGHT="129"/>
          </TextLine>

          
          
          <TextLine ID="eSc_line_4fdb97de" TAGREFS="LT3158" BASELINE="1748 601 2259 574" HPOS="1745.0" VPOS="518.0" WIDTH="514.0" HEIGHT="103.0">
            <Shape><Polygon POINTS="1748 601 1748 621 2256 599 2259 574 2251 518 1745 554 1748 601"/></Shape>
	    <String CONTENT="uint qui ne si tarda plus" HPOS="1745.0" VPOS="518.0" WIDTH="514.0" HEIGHT="103.0"/>
          </TextLine>

          
          
          <TextLine ID="eSc_line_8981ffed" TAGREFS="LT3158" BASELINE="1659 676 2245 649" HPOS="1654.0" VPOS="576.0" WIDTH="591.0" HEIGHT="114.0">
            <Shape><Polygon POINTS="2101 582 2045 610 1956 593 1954 593 1951 593 1870 618 1798 599 1793 601 1765 601 1762 590 1737 585 1731 585 1729 585 1654 585 1659 676 1659 690 2242 665 2245 649 2234 576 2159 596 2115 582 2101 582"/></Shape>
	    <String CONTENT="Adont ores com Achilles" HPOS="1654.0" VPOS="576.0" WIDTH="591.0" HEIGHT="114.0"/>
          </TextLine>

          
          
          <TextLine ID="eSc_line_03f87b57" TAGREFS="LT3158" BASELINE="1684 735 2276 712" HPOS="1682.0" VPOS="654.0" WIDTH="594.0" HEIGHT="111.0">
            <Shape><Polygon POINTS="1684 735 1687 765 1759 748 1820 760 1826 760 1829 760 1831 760 1834 760 1854 746 1892 757 1895 757 1898 757 1901 757 1912 757 1981 740 2273 740 2276 712 2267 654 1682 682 1684 735"/></Shape>
	    <String CONTENT="Ni pout sofrir nendur̾ mes" HPOS="1682.0" VPOS="654.0" WIDTH="594.0" HEIGHT="111.0"/>
          </TextLine>

          
          
          <TextLine ID="eSc_line_4ee54481" TAGREFS="LT3158" BASELINE="1673 801 2228 771" HPOS="1668.0" VPOS="715.0" WIDTH="560.0" HEIGHT="111.0">
            <Shape><Polygon POINTS="2195 718 2181 718 1765 748 1668 740 1673 801 1673 826 2226 793 2228 771 2220 715 2195 718"/></Shape>
	    <String CONTENT="Com arme lestut issir fors" HPOS="1668.0" VPOS="715.0" WIDTH="560.0" HEIGHT="111.0"/>
          </TextLine>

          
          
          <TextLine ID="eSc_line_c51ef8bb" TAGREFS="LT3158" BASELINE="1668 859 2270 832" HPOS="1662.0" VPOS="773.0" WIDTH="608.0" HEIGHT="120.0">
            <Shape><Polygon POINTS="1668 859 1668 882 1784 893 1787 893 2270 857 2270 832 2262 773 1956 804 1662 804 1668 859"/></Shape>
	    <String CONTENT="⁊ por mort desfand son cors" HPOS="1662.0" VPOS="773.0" WIDTH="608.0" HEIGHT="120.0"/>
          </TextLine>

          
          
          <TextLine ID="eSc_line_2c3b74b4" TAGREFS="LT3158" BASELINE="1665 923 2220 907" HPOS="1662.0" VPOS="846.0" WIDTH="558.0" HEIGHT="102.0">
            <Shape><Polygon POINTS="1665 923 1665 948 2103 948 2103 945 2220 926 2220 907 2212 846 1748 873 1662 862 1665 923"/></Shape>
	    <String CONTENT="Dont porois m̾uelles oir" HPOS="1662.0" VPOS="846.0" WIDTH="558.0" HEIGHT="102.0"/>
          </TextLine>

          
          
          <TextLine ID="eSc_line_6a8d7397" TAGREFS="LT3158" BASELINE="1670 990 2189 968" HPOS="1668.0" VPOS="912.0" WIDTH="521.0" HEIGHT="103.0">
            <Shape><Polygon POINTS="1670 1004 1795 1015 1798 1015 2189 984 2189 968 2181 912 1726 943 1668 929 1670 990 1670 1004"/></Shape>
	    <String CONTENT="De ce quil fait a lauenir" HPOS="1668.0" VPOS="912.0" WIDTH="521.0" HEIGHT="103.0"/>
          </TextLine>

          
          
          <TextLine ID="eSc_line_0fdd6279" TAGREFS="LT3158" BASELINE="1676 1045 2259 1023" HPOS="1673.0" VPOS="965.0" WIDTH="586.0" HEIGHT="102.0">
            <Shape><Polygon POINTS="2117 973 2101 973 2090 976 2040 987 2028 979 2026 976 2006 976 2001 976 1987 981 1962 990 1942 984 1929 979 1923 981 1895 981 1868 981 1759 998 1745 998 1731 987 1729 990 1701 990 1698 990 1673 1001 1676 1045 1676 1067 2040 1067 2040 1065 2256 1042 2259 1023 2248 965 2184 981 2142 970 2117 973"/></Shape>
	    <String CONTENT="Dont en lestor dis ⁊ noeuaĩ" HPOS="1673.0" VPOS="965.0" WIDTH="586.0" HEIGHT="102.0"/>
          </TextLine>

          
          
          <TextLine ID="eSc_line_36172af2" TAGREFS="LT3158" BASELINE="1684 1109 2217 1084" HPOS="1679.0" VPOS="1040.0" WIDTH="538.0" HEIGHT="86.0">
            <Shape><Polygon POINTS="1684 1109 1684 1126 2214 1109 2217 1084 2209 1040 1679 1056 1684 1109"/></Shape>
	    <String CONTENT="Ocist troilus de sa main" HPOS="1679.0" VPOS="1040.0" WIDTH="538.0" HEIGHT="86.0"/>
          </TextLine>

          
          
          <TextLine ID="eSc_line_9c268bd5" TAGREFS="LT3158" BASELINE="1682 1176 2228 1145" HPOS="1676.0" VPOS="1084.0" WIDTH="552.0" HEIGHT="117.0">
            <Shape><Polygon POINTS="2203 1087 2176 1087 2170 1087 2148 1090 2134 1090 1676 1117 1682 1176 1682 1201 1862 1201 1865 1201 1876 1195 1898 1184 1942 1192 1962 1195 1965 1195 1967 1195 1984 1189 2037 1176 2101 1184 2117 1187 2120 1187 2123 1187 2134 1184 2184 1167 2223 1178 2228 1145 2220 1084 2203 1084 2203 1087"/></Shape>
	    <String CONTENT="ꝑ le grant esfors de sa gent" HPOS="1676.0" VPOS="1084.0" WIDTH="552.0" HEIGHT="117.0"/>
          </TextLine>

          
          
          <TextLine ID="eSc_line_925079e9" TAGREFS="LT3158" BASELINE="1673 1245 2301 1203" HPOS="1668.0" VPOS="1140.0" WIDTH="633.0" HEIGHT="144.0">
            <Shape><Polygon POINTS="2223 1148 2220 1148 2209 1165 2004 1176 1987 1165 1981 1162 1979 1162 1976 1162 1973 1162 1970 1162 1967 1162 1959 1167 1940 1178 1917 1170 1898 1165 1895 1165 1892 1165 1890 1165 1862 1176 1834 1187 1815 1181 1801 1176 1798 1176 1795 1176 1668 1192 1673 1245 1676 1284 1756 1262 1815 1273 1826 1273 1829 1273 1862 1267 1967 1248 2087 1248 2256 1248 2256 1245 2259 1245 2301 1226 2301 1203 2289 1140 2231 1142 2228 1142 2226 1142 2226 1145 2223 1145 2223 1148"/></Shape>
	    <String CONTENT="Bien uꝰ sai retraire coment" HPOS="1668.0" VPOS="1140.0" WIDTH="633.0" HEIGHT="144.0"/>
          </TextLine>

          
          
          <TextLine ID="eSc_line_8c115791" TAGREFS="LT3158" BASELINE="1682 1306 2214 1281" HPOS="1676.0" VPOS="1231.0" WIDTH="538.0" HEIGHT="92.0">
            <Shape><Polygon POINTS="1682 1306 1682 1323 2214 1300 2214 1281 2209 1237 1973 1231 1970 1231 1676 1259 1682 1306"/></Shape>
	    <String CONTENT="Tout en ord̾ uꝰ retraira" HPOS="1676.0" VPOS="1231.0" WIDTH="538.0" HEIGHT="92.0"/>
          </TextLine>

          
          
          <TextLine ID="eSc_line_5dbca171" TAGREFS="LT3158" BASELINE="1684 1361 2234 1345" HPOS="1682.0" VPOS="1289.0" WIDTH="552.0" HEIGHT="95.0">
            <Shape><Polygon POINTS="1684 1361 1684 1378 2048 1384 2051 1384 2053 1384 2056 1384 2073 1370 2126 1381 2128 1381 2231 1361 2234 1345 2228 1303 2140 1289 2137 1289 2006 1303 1945 1309 1682 1306 1684 1361"/></Shape>
	    <String CONTENT="La uie q̃ maine Ecuba" HPOS="1682.0" VPOS="1289.0" WIDTH="552.0" HEIGHT="95.0"/>
          </TextLine>

          
          
          <TextLine ID="eSc_line_7f1d77ea" TAGREFS="LT3158" BASELINE="1676 1428 2231 1406" HPOS="1673.0" VPOS="1348.0" WIDTH="558.0" HEIGHT="108.0">
            <Shape><Polygon POINTS="1676 1428 1676 1453 1948 1456 1951 1456 2037 1439 2084 1450 2087 1450 2090 1450 2092 1450 2095 1450 2117 1434 2123 1431 2231 1428 2231 1406 2223 1348 1673 1370 1676 1428"/></Shape>
	    <String CONTENT="De ses fuis q̃ ꝑdus auoit" HPOS="1673.0" VPOS="1348.0" WIDTH="558.0" HEIGHT="108.0"/>
          </TextLine>

          
          
          <TextLine ID="eSc_line_0a7f68c1" TAGREFS="LT3158" BASELINE="1684 1497 2248 1472" HPOS="1679.0" VPOS="1414.0" WIDTH="569.0" HEIGHT="106.0">
            <Shape><Polygon POINTS="1684 1497 1684 1520 2248 1497 2248 1472 2237 1414 2173 1431 2159 1420 2159 1417 2156 1417 2153 1417 2151 1417 2140 1417 2028 1436 2006 1425 2004 1425 2001 1425 1998 1425 1995 1425 1995 1428 1981 1439 1890 1428 1876 1428 1873 1428 1854 1431 1743 1450 1679 1439 1684 1497"/></Shape>
	    <String CONTENT="Sores com el se porq̾roit" HPOS="1679.0" VPOS="1414.0" WIDTH="569.0" HEIGHT="106.0"/>
          </TextLine>

          
          
          <TextLine ID="eSc_line_b8153e7c" TAGREFS="LT3158" BASELINE="1679 1564 2251 1547" HPOS="1676.0" VPOS="1489.0" WIDTH="575.0" HEIGHT="89.0">
            <Shape><Polygon POINTS="1679 1564 1679 1578 2251 1564 2251 1547 2239 1489 2192 1503 2040 1500 1959 1497 1956 1497 1676 1517 1679 1564"/></Shape>
	    <String CONTENT="En traison q̃ uera pos mes" HPOS="1676.0" VPOS="1489.0" WIDTH="575.0" HEIGHT="89.0"/>
          </TextLine>

          
          
          <TextLine ID="eSc_line_d335d811" TAGREFS="LT3158" BASELINE="1693 1628 2312 1611" HPOS="1690.0" VPOS="1558.0" WIDTH="622.0" HEIGHT="92.0">
            <Shape><Polygon POINTS="1693 1628 1693 1650 2312 1636 2312 1611 2306 1567 2012 1558 2009 1558 2006 1558 1979 1572 1915 1561 1912 1561 1690 1581 1693 1628"/></Shape>
	    <String CONTENT="Tot fist de tranch̾ Achilles" HPOS="1690.0" VPOS="1558.0" WIDTH="622.0" HEIGHT="92.0"/>
          </TextLine>

          
          
          <TextLine ID="eSc_line_712b3c10" TAGREFS="LT3158" BASELINE="1687 1692 2334 1678" HPOS="1684.0" VPOS="1622.0" WIDTH="650.0" HEIGHT="89.0">
            <Shape><Polygon POINTS="1687 1692 1687 1711 2331 1708 2334 1678 2325 1622 1684 1639 1687 1692"/></Shape>
	    <String CONTENT="Li grans esmais qui en fu fais" HPOS="1684.0" VPOS="1622.0" WIDTH="650.0" HEIGHT="89.0"/>
          </TextLine>

          
          
          <TextLine ID="eSc_line_b86fb262" TAGREFS="LT3158" BASELINE="1695 1755 2256 1733" HPOS="1693.0" VPOS="1680.0" WIDTH="563.0" HEIGHT="103.0">
            <Shape><Polygon POINTS="2248 1680 2220 1680 2192 1683 2164 1683 2153 1683 1693 1708 1695 1755 1695 1772 1831 1783 1834 1783 2256 1753 2256 1733 2248 1680 2248 1680"/></Shape>
	    <String CONTENT="⁊ li grans dels ⁊ li dehais" HPOS="1693.0" VPOS="1680.0" WIDTH="563.0" HEIGHT="103.0"/>
          </TextLine>

          
          
          <TextLine ID="eSc_line_6e05b314" TAGREFS="LT3158" BASELINE="1682 1819 2187 1803" HPOS="1679.0" VPOS="1753.0" WIDTH="508.0" HEIGHT="83.0">
            <Shape><Polygon POINTS="1682 1819 1682 1836 2187 1830 2187 1803 2178 1753 1679 1755 1682 1819"/></Shape>
	    <String CONTENT="Uꝰ sera tous contes ⁊ dis" HPOS="1679.0" VPOS="1753.0" WIDTH="508.0" HEIGHT="83.0"/>
          </TextLine>

          
          
          <TextLine ID="eSc_line_362cb8a8" TAGREFS="LT3158" BASELINE="1684 1883 2287 1858" HPOS="1682.0" VPOS="1800.0" WIDTH="605.0" HEIGHT="108.0">
            <Shape><Polygon POINTS="1684 1883 1684 1908 2284 1875 2287 1858 2278 1800 1682 1836 1684 1883"/></Shape>
	    <String CONTENT="Ains q̃ cascuns en soit partis" HPOS="1682.0" VPOS="1800.0" WIDTH="605.0" HEIGHT="108.0"/>
          </TextLine>

          
          
          <TextLine ID="eSc_line_728d07c8" TAGREFS="LT3158" BASELINE="1687 1947 2295 1922" HPOS="1684.0" VPOS="1864.0" WIDTH="611.0" HEIGHT="111.0">
            <Shape><Polygon POINTS="2181 1864 2178 1864 2176 1864 2173 1864 2170 1864 2170 1866 2156 1877 2153 1880 2134 1880 2037 1869 2020 1869 1970 1886 1954 1889 1926 1886 1826 1877 1823 1877 1684 1894 1687 1947 1687 1975 2270 1955 2273 1955 2276 1955 2295 1941 2295 1922 2287 1875 2201 1877 2198 1877 2184 1864 2181 1864"/></Shape>
	    <String CONTENT="Ne fust Caucas qͥ fist respons" HPOS="1684.0" VPOS="1864.0" WIDTH="611.0" HEIGHT="111.0"/>
          </TextLine>

          
          
          <TextLine ID="eSc_line_514cae1a" TAGREFS="LT3158" BASELINE="1682 1997 2309 1988" HPOS="1679.0" VPOS="1938.0" WIDTH="630.0" HEIGHT="81.0">
            <Shape><Polygon POINTS="1818 1944 1790 1944 1762 1944 1734 1947 1707 1947 1704 1941 1679 1941 1682 1997 1682 2019 2306 2011 2309 1988 2301 1938 1829 1941 1818 1944"/></Shape>
	    <String CONTENT="⁊ qui lor dist par ses sermons" HPOS="1679.0" VPOS="1938.0" WIDTH="630.0" HEIGHT="81.0"/>
          </TextLine>

          
          
          <TextLine ID="eSc_line_b3677209" TAGREFS="LT3158" BASELINE="1682 2074 2314 2052" HPOS="1679.0" VPOS="1999.0" WIDTH="635.0" HEIGHT="98.0">
            <Shape><Polygon POINTS="1682 2074 1682 2097 2153 2097 2153 2094 2314 2072 2314 2052 2306 1999 1898 2002 1895 2002 1870 2016 1868 2016 1865 2016 1823 2005 1820 2005 1818 2005 1815 2005 1812 2005 1795 2019 1793 2019 1790 2019 1720 2008 1718 2008 1715 2008 1679 2019 1682 2074"/></Shape>
	    <String CONTENT="Q̾ rre pirrꝰ qui ml̾t est prous" HPOS="1679.0" VPOS="1999.0" WIDTH="635.0" HEIGHT="98.0"/>
          </TextLine>

          
          
          <TextLine ID="eSc_line_4501c5e3" TAGREFS="LT3158" BASELINE="1682 2138 2314 2122" HPOS="1679.0" VPOS="2066.0" WIDTH="635.0" HEIGHT="105.0">
            <Shape><Polygon POINTS="1682 2138 1682 2155 1756 2171 1759 2171 1762 2171 1765 2171 1787 2155 1790 2155 1793 2155 1987 2166 1990 2166 2314 2144 2314 2122 2306 2066 1962 2083 1951 2080 1920 2072 1917 2072 1915 2072 1912 2072 1890 2083 1884 2085 1868 2085 1784 2074 1781 2074 1679 2091 1682 2138"/></Shape>
	    <String CONTENT="Qͥ darmes les uenqui trestos" HPOS="1679.0" VPOS="2066.0" WIDTH="635.0" HEIGHT="105.0"/>
          </TextLine>

          
          
          <TextLine ID="eSc_line_47107047" TAGREFS="LT3158" BASELINE="1679 2205 2312 2194" HPOS="1676.0" VPOS="2144.0" WIDTH="636.0" HEIGHT="88.0">
            <Shape><Polygon POINTS="1679 2205 1679 2227 2145 2232 2148 2232 2151 2232 2153 2232 2181 2216 2253 2230 2256 2230 2259 2230 2312 2210 2312 2194 2306 2144 1676 2144 1679 2205"/></Shape>
	    <String CONTENT="Dont uins li bataille mortax" HPOS="1676.0" VPOS="2144.0" WIDTH="636.0" HEIGHT="88.0"/>
          </TextLine>

          
          
          <TextLine ID="eSc_line_ac9cc2e3" TAGREFS="LT3158" BASELINE="1665 2280 2289 2269" HPOS="1662.0" VPOS="2205.0" WIDTH="627.0" HEIGHT="100.0">
            <Shape><Polygon POINTS="1665 2280 1665 2305 2028 2291 2076 2291 2253 2299 2256 2299 2259 2299 2289 2282 2289 2269 2284 2216 2115 2205 2112 2205 1662 2224 1665 2280"/></Shape>
	    <String CONTENT="Sores coment Rois Aiax" HPOS="1662.0" VPOS="2205.0" WIDTH="627.0" HEIGHT="100.0"/>
          </TextLine>

          
          
          <TextLine ID="eSc_line_2fa7c904" TAGREFS="LT3158" BASELINE="1679 2346 2206 2330" HPOS="1676.0" VPOS="2274.0" WIDTH="530.0" HEIGHT="105.0">
            <Shape><Polygon POINTS="2065 2274 2037 2274 2009 2274 1984 2274 1967 2274 1954 2277 1945 2277 1676 2294 1679 2346 1679 2363 1773 2363 1801 2379 1804 2379 1806 2379 1809 2379 1981 2360 2023 2374 2026 2374 2028 2374 2206 2346 2206 2330 2201 2282 2070 2274 2065 2274"/></Shape>
	    <String CONTENT="Ocist paris ⁊ paris lui" HPOS="1676.0" VPOS="2274.0" WIDTH="530.0" HEIGHT="105.0"/>
          </TextLine>

          
          
          <TextLine ID="eSc_line_e3d2e1a4" TAGREFS="LT3158" BASELINE="1676 2416 2237 2399" HPOS="1673.0" VPOS="2343.0" WIDTH="564.0" HEIGHT="89.0">
            <Shape><Polygon POINTS="1676 2416 1676 2432 2237 2427 2237 2399 2228 2343 1673 2355 1676 2416"/></Shape>
	    <String CONTENT="Ainsi sanerent ambedui" HPOS="1673.0" VPOS="2343.0" WIDTH="564.0" HEIGHT="89.0"/>
          </TextLine>

          
          
          <TextLine ID="eSc_line_eacc02ab" TAGREFS="LT3158" BASELINE="1668 2488 2284 2463" HPOS="1665.0" VPOS="2402.0" WIDTH="619.0" HEIGHT="108.0">
            <Shape><Polygon POINTS="1668 2488 1668 2510 2145 2499 2148 2499 2151 2499 2173 2485 2203 2496 2206 2496 2209 2496 2212 2496 2284 2477 2284 2463 2276 2402 1665 2429 1668 2488"/></Shape>
	    <String CONTENT="Retrais uꝰ ert li dels helaine" HPOS="1665.0" VPOS="2402.0" WIDTH="619.0" HEIGHT="108.0"/>
          </TextLine>

          
          
          <TextLine ID="eSc_line_a1f91e54" TAGREFS="LT3158" BASELINE="1684 2543 2370 2518" HPOS="1682.0" VPOS="2460.0" WIDTH="688.0" HEIGHT="119.0">
            <Shape><Polygon POINTS="2264 2465 2248 2465 2226 2465 2209 2468 2189 2468 1682 2490 1684 2543 1684 2579 2367 2546 2370 2518 2362 2460 2264 2463 2264 2465"/></Shape>
	    <String CONTENT="Mais io ne quit q̃ riens humaine" HPOS="1682.0" VPOS="2460.0" WIDTH="688.0" HEIGHT="119.0"/>
          </TextLine>

          
          
          <TextLine ID="eSc_line_d68968f0" TAGREFS="LT3158" BASELINE="1684 2610 2214 2593" HPOS="1682.0" VPOS="2543.0" WIDTH="532.0" HEIGHT="86.0">
            <Shape><Polygon POINTS="1684 2610 1684 2629 2212 2618 2214 2593 2206 2543 1682 2560 1684 2610"/></Shape>
	    <String CONTENT="Fesist onq̃s si angoissos" HPOS="1682.0" VPOS="2543.0" WIDTH="532.0" HEIGHT="86.0"/>
          </TextLine>

          
          
          <TextLine ID="eSc_line_16f1de0e" TAGREFS="LT3158" BASELINE="1687 2676 2184 2665" HPOS="1684.0" VPOS="2610.0" WIDTH="500.0" HEIGHT="88.0">
            <Shape><Polygon POINTS="1687 2676 1687 2698 2184 2693 2184 2665 2176 2610 1684 2626 1687 2676"/></Shape>
	    <String CONTENT="Si pesme ne si doleros" HPOS="1684.0" VPOS="2610.0" WIDTH="500.0" HEIGHT="88.0"/>
          </TextLine>

          
          
          <TextLine ID="eSc_line_6c8c8fbd" TAGREFS="LT3158" BASELINE="1690 2740 2309 2723" HPOS="1687.0" VPOS="2660.0" WIDTH="622.0" HEIGHT="100.0">
            <Shape><Polygon POINTS="1690 2740 1690 2760 2309 2760 2309 2723 2303 2676 2220 2660 2217 2660 2214 2660 2212 2660 2192 2676 2189 2679 1687 2679 1690 2740"/></Shape>
	    <String CONTENT="Lo monde ores trestot descͥre" HPOS="1687.0" VPOS="2660.0" WIDTH="622.0" HEIGHT="100.0"/>
          </TextLine>

          
          
          <TextLine ID="eSc_line_3318bbfe" TAGREFS="LT3158" BASELINE="1687 2801 2184 2793" HPOS="1684.0" VPOS="2743.0" WIDTH="500.0" HEIGHT="83.0">
            <Shape><Polygon POINTS="1687 2801 1687 2826 2181 2818 2184 2793 2178 2746 1684 2743 1687 2801"/></Shape>
	    <String CONTENT="⁊ retraire cont̾ ⁊ dire" HPOS="1684.0" VPOS="2743.0" WIDTH="500.0" HEIGHT="83.0" WC="0.965802402599998"/>
          </TextLine>

          
          
          <TextLine ID="eSc_line_05339b91" TAGREFS="LT3158" BASELINE="1687 2865 2220 2857" HPOS="1684.0" VPOS="2809.0" WIDTH="536.0" HEIGHT="75.0">
            <Shape><Polygon POINTS="1687 2865 1687 2884 2217 2884 2220 2857 2212 2809 1684 2815 1687 2865"/></Shape>
	    <String CONTENT="Com̃t il est en q̃l mesure" HPOS="1684.0" VPOS="2809.0" WIDTH="536.0" HEIGHT="75.0"/>
          </TextLine>

          
          
          <TextLine ID="eSc_line_089de01c" TAGREFS="LT3158" BASELINE="1690 2932 2234 2923" HPOS="1687.0" VPOS="2870.0" WIDTH="547.0" HEIGHT="81.0">
            <Shape><Polygon POINTS="1690 2932 1690 2951 2231 2945 2234 2923 2228 2879 1718 2870 1715 2870 1712 2870 1687 2882 1690 2932"/></Shape>
	    <String CONTENT="Ce q̃ on troue en escͥture" HPOS="1687.0" VPOS="2870.0" WIDTH="547.0" HEIGHT="81.0"/>
          </TextLine>

          
          
          <TextLine ID="eSc_line_828de7c8" TAGREFS="LT3158" BASELINE="1682 2993 2295 2979" HPOS="1679.0" VPOS="2920.0" WIDTH="616.0" HEIGHT="92.0">
            <Shape><Polygon POINTS="2234 2923 2206 2926 2178 2926 2176 2926 1793 2945 1679 2934 1682 2993 1682 3012 2292 3006 2295 2979 2287 2920 2234 2920 2234 2923"/></Shape>
	    <String CONTENT="Dont uꝰ ert l ire racontee" HPOS="1679.0" VPOS="2920.0" WIDTH="616.0" HEIGHT="92.0"/>
          </TextLine>

          
          
          <TextLine ID="eSc_line_aef23c1d" TAGREFS="LT3158" BASELINE="1690 3048 2251 3040" HPOS="1687.0" VPOS="2990.0" WIDTH="564.0" HEIGHT="89.0">
            <Shape><Polygon POINTS="1798 2993 1770 2993 1743 2993 1715 2993 1709 2993 1687 3001 1690 3048 1690 3065 2048 3079 2051 3079 2209 3076 2212 3076 2251 3056 2251 3040 2245 2998 1809 2990 1798 2993"/></Shape>
	    <String CONTENT="Com faitem̃t panteselee" HPOS="1687.0" VPOS="2990.0" WIDTH="564.0" HEIGHT="89.0"/>
          </TextLine>

          
          
          <TextLine ID="eSc_line_20900f05" TAGREFS="LT3158" BASELINE="1682 3112 2217 3101" HPOS="1679.0" VPOS="3056.0" WIDTH="538.0" HEIGHT="92.0">
            <Shape><Polygon POINTS="1682 3112 1684 3148 1729 3131 2212 3137 2217 3101 2209 3056 1679 3056 1682 3112"/></Shape>
	    <String CONTENT="Uint por socorre la cite" HPOS="1679.0" VPOS="3056.0" WIDTH="538.0" HEIGHT="92.0"/>
          </TextLine>

          
          
          <TextLine ID="eSc_line_f26afbda" TAGREFS="LT3158" BASELINE="1687 3176 2214 3167" HPOS="1684.0" VPOS="3112.0" WIDTH="530.0" HEIGHT="94.0">
            <Shape><Polygon POINTS="1687 3176 1690 3206 1743 3192 1809 3203 1826 3203 1829 3203 2212 3184 2214 3167 2209 3123 1917 3112 1915 3112 1684 3128 1687 3176"/></Shape>
	    <String CONTENT="Mais sa proece ⁊ sa bõte" HPOS="1684.0" VPOS="3112.0" WIDTH="530.0" HEIGHT="94.0"/>
          </TextLine>

          
          
          <TextLine ID="eSc_line_2e9bf3b8" TAGREFS="LT3158" BASELINE="1690 3234 2287 3217" HPOS="1687.0" VPOS="3165.0" WIDTH="600.0" HEIGHT="97.0">
            <Shape><Polygon POINTS="2187 3170 2159 3170 1687 3189 1690 3234 1690 3253 2181 3262 2184 3262 2287 3237 2287 3217 2278 3165 2209 3167 2187 3170"/></Shape>
	    <String CONTENT="Comꝑerent ml̾t li gregois" HPOS="1687.0" VPOS="3165.0" WIDTH="600.0" HEIGHT="97.0"/>
          </TextLine>

          
          
          <TextLine ID="eSc_line_f23b7b2a" TAGREFS="LT3158" BASELINE="1684 3298 2312 3289" HPOS="1682.0" VPOS="3231.0" WIDTH="630.0" HEIGHT="97.0">
            <Shape><Polygon POINTS="1684 3298 1684 3317 2098 3328 2101 3328 2201 3314 2281 3325 2284 3325 2287 3325 2289 3325 2312 3309 2312 3289 2303 3231 1682 3234 1684 3298"/></Shape>
	    <String CONTENT="Ains q̃ pasaissent li dui mois" HPOS="1682.0" VPOS="3231.0" WIDTH="630.0" HEIGHT="97.0"/>
          </TextLine>

          
          
          <TextLine ID="eSc_line_f73f3cbc" TAGREFS="LT3158" BASELINE="1701 3359 2103 3356" HPOS="1698.0" VPOS="3300.0" WIDTH="405.0" HEIGHT="89.0">
            <Shape><Polygon POINTS="1701 3359 1701 3389 2101 3378 2103 3356 2098 3312 1698 3300 1701 3359"/></Shape>
	    <String CONTENT="Deli pores oir cont̾" HPOS="1698.0" VPOS="3300.0" WIDTH="405.0" HEIGHT="89.0"/>
          </TextLine>

          
          
          <TextLine ID="eSc_line_a5c5c5bb" TAGREFS="LT3158" BASELINE="1695 3425 2242 3417" HPOS="1693.0" VPOS="3361.0" WIDTH="549.0" HEIGHT="92.0">
            <Shape><Polygon POINTS="1695 3425 1695 3439 1801 3453 1804 3453 2242 3434 2242 3417 2234 3361 1693 3361 1695 3425"/></Shape>
	    <String CONTENT="Qen tot le monde nor sa ꝑ" HPOS="1693.0" VPOS="3361.0" WIDTH="549.0" HEIGHT="92.0"/>
          </TextLine>

          
          
          <TextLine ID="eSc_line_9cb1656d" TAGREFS="LT3158" BASELINE="1695 3484 2201 3484" HPOS="1695.0" VPOS="3425.0" WIDTH="506.0" HEIGHT="78.0">
            <Shape><Polygon POINTS="1779 3425 1751 3425 1723 3425 1695 3425 1695 3484 1695 3500 2198 3503 2201 3484 2201 3436 1795 3425 1779 3425"/></Shape>
	    <String CONTENT="Dit uꝰ sera ains q̃ defin" HPOS="1695.0" VPOS="3425.0" WIDTH="506.0" HEIGHT="78.0"/>
          </TextLine>

          
          
          <TextLine ID="eSc_line_467cd79f" TAGREFS="LT3158" BASELINE="1704 3547 2284 3536" HPOS="1701.0" VPOS="3489.0" WIDTH="583.0" HEIGHT="86.0">
            <Shape><Polygon POINTS="1704 3547 1704 3575 2284 3569 2284 3536 2278 3495 1701 3489 1704 3547"/></Shape>
	    <String CONTENT="⁊ la grans eue u on traine" HPOS="1701.0" VPOS="3489.0" WIDTH="583.0" HEIGHT="86.0"/>
          </TextLine>

          
          
          <TextLine ID="eSc_line_c6ebe5f9" TAGREFS="LT3158" BASELINE="1679 3617 2220 3603" HPOS="1676.0" VPOS="3550.0" WIDTH="544.0" HEIGHT="94.0">
            <Shape><Polygon POINTS="1679 3617 1679 3644 1787 3631 1870 3636 1970 3644 1973 3644 1976 3644 2015 3628 2023 3625 2028 3628 2070 3642 2073 3642 2076 3642 2195 3639 2198 3639 2201 3639 2201 3636 2220 3617 2220 3603 2214 3550 1737 3550 1734 3550 1731 3550 1676 3564 1679 3617"/></Shape>
	    <String CONTENT="Son cors a dol ⁊ apecie" HPOS="1676.0" VPOS="3550.0" WIDTH="544.0" HEIGHT="94.0"/>
          </TextLine>

          
          
          <TextLine ID="eSc_line_0cc3dfcc" TAGREFS="LT3158" BASELINE="1693 3680 2309 3672" HPOS="1690.0" VPOS="3614.0" WIDTH="619.0" HEIGHT="111.0">
            <Shape><Polygon POINTS="1693 3680 1695 3725 1748 3705 1806 3722 1809 3722 1812 3722 1815 3722 2042 3719 2045 3719 2103 3700 2303 3714 2309 3672 2301 3614 1690 3619 1693 3680"/></Shape>
	    <String CONTENT="Ap̃s ores del grant traitie" HPOS="1690.0" VPOS="3614.0" WIDTH="619.0" HEIGHT="111.0"/>
          </TextLine>

          
          
          <TextLine ID="eSc_line_00f07894" TAGREFS="LT3158" BASELINE="1698 3750 2245 3739" HPOS="1695.0" VPOS="3686.0" WIDTH="550.0" HEIGHT="92.0">
            <Shape><Polygon POINTS="1698 3750 1698 3778 2245 3778 2245 3739 2234 3686 2198 3700 2137 3689 2106 3686 2103 3686 2101 3686 2078 3692 2045 3703 1954 3700 1854 3694 1851 3694 1848 3694 1818 3705 1806 3708 1793 3705 1720 3694 1718 3694 1715 3694 1712 3694 1695 3703 1698 3750"/></Shape>
	    <String CONTENT="Q̃ on en fait dorẽauant" HPOS="1695.0" VPOS="3686.0" WIDTH="550.0" HEIGHT="92.0"/>
          </TextLine>

          
          
          <TextLine ID="eSc_line_bde46221" TAGREFS="LT3158" BASELINE="1709 3814 2295 3805" HPOS="1707.0" VPOS="3750.0" WIDTH="588.0" HEIGHT="97.0">
            <Shape><Polygon POINTS="1709 3814 1709 3830 1895 3847 1898 3847 2295 3822 2295 3805 2287 3750 1707 3761 1709 3814"/></Shape>
	    <String CONTENT="Com on trai le Roi pͥant" HPOS="1707.0" VPOS="3750.0" WIDTH="588.0" HEIGHT="97.0"/>
          </TextLine>

          
          
          <TextLine ID="eSc_line_0b3dba28" TAGREFS="LT3158" BASELINE="1709 3869 2284 3864" HPOS="1707.0" VPOS="3814.0" WIDTH="577.0" HEIGHT="77.0">
            <Shape><Polygon POINTS="1709 3869 1709 3891 2281 3886 2284 3864 2276 3814 1987 3827 1926 3825 1726 3816 1723 3816 1720 3816 1718 3816 1707 3825 1709 3869"/></Shape>
	    <String CONTENT="Coment li traitor errerẽt" HPOS="1707.0" VPOS="3814.0" WIDTH="577.0" HEIGHT="77.0"/>
          </TextLine>

          
          
          <TextLine ID="eSc_line_b3b37514" TAGREFS="LT3158" BASELINE="1709 3936 2295 3922" HPOS="1707.0" VPOS="3866.0" WIDTH="588.0" HEIGHT="100.0">
            <Shape><Polygon POINTS="1709 3936 1709 3955 2053 3966 2056 3966 2295 3941 2295 3922 2287 3866 2053 3886 1707 3880 1709 3936"/></Shape>
	    <String CONTENT="Qͥ la traison porꝑlerent" HPOS="1707.0" VPOS="3866.0" WIDTH="588.0" HEIGHT="100.0"/>
          </TextLine>

          
          
          <TextLine ID="eSc_line_db3125cd" TAGREFS="LT3158" BASELINE="1712 3997 2273 3988" HPOS="1709.0" VPOS="3933.0" WIDTH="564.0" HEIGHT="89.0">
            <Shape><Polygon POINTS="1712 3997 1712 4022 2270 4011 2273 3988 2264 3933 1709 3950 1712 3997"/></Shape>
	    <String CONTENT="Qͥ furent ⁊ com orent nõ" HPOS="1709.0" VPOS="3933.0" WIDTH="564.0" HEIGHT="89.0"/>
          </TextLine>

          
          
          <TextLine ID="eSc_line_c52597cb" TAGREFS="LT3158" BASELINE="1715 4058 2276 4047" HPOS="1712.0" VPOS="4005.0" WIDTH="564.0" HEIGHT="75.0">
            <Shape><Polygon POINTS="1715 4058 1715 4080 2276 4072 2276 4047 2267 4005 1712 4013 1715 4058"/></Shape>
	    <String CONTENT="Qͥ embla le palladion" HPOS="1712.0" VPOS="4005.0" WIDTH="564.0" HEIGHT="75.0"/>
          </TextLine>

          
          
          <TextLine ID="eSc_line_202e5c53" TAGREFS="LT3158" BASELINE="1715 4121 2248 4113" HPOS="1712.0" VPOS="4063.0" WIDTH="536.0" HEIGHT="120.0">
            <Shape><Polygon POINTS="1715 4121 1715 4152 1826 4146 1834 4152 1876 4183 1879 4183 1881 4183 1884 4183 1984 4180 1987 4180 1990 4180 2020 4158 2062 4180 2065 4180 2067 4180 2070 4180 2156 4158 2167 4169 2170 4169 2173 4169 2176 4169 2178 4169 2248 4135 2248 4113 2242 4063 1712 4063 1715 4121"/></Shape>
	    <String CONTENT="Com li ceuax fu establis" HPOS="1712.0" VPOS="4063.0" WIDTH="536.0" HEIGHT="120.0"/>
          </TextLine>

          
        </TextBlock>
        
        <TextBlock HPOS="2459.0" VPOS="288.0" WIDTH="763.0" HEIGHT="3858.0" ID="eSc_textblock_43af34f1" TAGREFS="BT8857">
          <Shape><Polygon POINTS="2714 288 3022 299 3133 343 3200 798 3167 1251 3211 1950 3155 3115 3222 3891 3178 4113 2933 4146 2514 4124 2459 454 2503 310 2714 288"/></Shape>
          
          
          <TextLine ID="eSc_line_8afc7026" TAGREFS="LT3158" BASELINE="2484 385 3094 374" HPOS="2481.0" VPOS="294.0" WIDTH="613.0" HEIGHT="127.0">
            <Shape><Polygon POINTS="2484 385 2486 421 2525 407 2697 413 2786 416 2789 416 3092 396 3094 374 3086 294 2778 316 2481 307 2484 385"/></Shape>
	    <String CONTENT="⁊ au temple minerue escͥs" HPOS="2481.0" VPOS="294.0" WIDTH="613.0" HEIGHT="127.0"/>
          </TextLine>

          
          
          <TextLine ID="eSc_line_8b282ff0" TAGREFS="LT3158" BASELINE="2489 449 3075 438" HPOS="2486.0" VPOS="382.0" WIDTH="589.0" HEIGHT="92.0">
            <Shape><Polygon POINTS="2489 449 2489 474 3072 460 3075 438 3067 382 2520 388 2517 388 2486 399 2489 449"/></Shape>
	    <String CONTENT="Coment fu arsse li cites" HPOS="2486.0" VPOS="382.0" WIDTH="589.0" HEIGHT="92.0"/>
          </TextLine>

          
          
          <TextLine ID="eSc_line_dbf07d14" TAGREFS="LT3158" BASELINE="2495 502 3042 496" HPOS="2492.0" VPOS="443.0" WIDTH="550.0" HEIGHT="97.0">
            <Shape><Polygon POINTS="2495 502 2495 540 3042 524 3042 496 3033 443 2492 452 2495 502"/></Shape>
	    <String CONTENT="⁊ ylion ius crauentes" HPOS="2492.0" VPOS="443.0" WIDTH="550.0" HEIGHT="97.0"/>
          </TextLine>

          
          
          <TextLine ID="eSc_line_a6b7be26" TAGREFS="LT3158" BASELINE="2503 571 3130 563" HPOS="2500.0" VPOS="499.0" WIDTH="630.0" HEIGHT="102.0">
            <Shape><Polygon POINTS="2503 571 2503 601 3128 582 3130 563 3122 499 2500 521 2503 571"/></Shape>
	    <String CONTENT="⁊ prians li rois detrancies" HPOS="2500.0" VPOS="499.0" WIDTH="630.0" HEIGHT="102.0"/>
          </TextLine>

          
          
          <TextLine ID="eSc_line_2db20cd1" TAGREFS="LT3158" BASELINE="2492 640 3111 626" HPOS="2489.0" VPOS="568.0" WIDTH="622.0" HEIGHT="97.0">
            <Shape><Polygon POINTS="2492 640 2492 665 3108 646 3111 626 3103 568 2489 579 2492 640"/></Shape>
	    <String CONTENT="Ce fu grans dolor ⁊ pecies" HPOS="2489.0" VPOS="568.0" WIDTH="622.0" HEIGHT="97.0"/>
          </TextLine>

          
          
          <TextLine ID="eSc_line_1d767163" TAGREFS="LT3158" BASELINE="2489 704 3055 699" HPOS="2486.0" VPOS="643.0" WIDTH="569.0" HEIGHT="89.0">
            <Shape><Polygon POINTS="2489 704 2492 732 2545 718 2695 726 2767 729 2770 729 3053 712 3055 699 3050 649 2486 643 2489 704"/></Shape>
	    <String CONTENT="Sores la grant ocision" HPOS="2486.0" VPOS="643.0" WIDTH="569.0" HEIGHT="89.0"/>
          </TextLine>

          
          
          <TextLine ID="eSc_line_eb9e0602" TAGREFS="LT3158" BASELINE="2506 762 3019 757" HPOS="2503.0" VPOS="701.0" WIDTH="516.0" HEIGHT="92.0">
            <Shape><Polygon POINTS="2919 701 2903 701 2889 712 2886 712 2845 701 2836 701 2814 701 2764 710 2742 712 2503 707 2506 762 2511 793 2534 776 2634 790 2639 790 2642 790 3017 785 3019 757 3014 715 2931 701 2919 701"/></Shape>
	    <String CONTENT="⁊ la fiere destrussion" HPOS="2503.0" VPOS="701.0" WIDTH="516.0" HEIGHT="92.0"/>
          </TextLine>

          
          
          <TextLine ID="eSc_line_e04f9676" TAGREFS="LT3158" BASELINE="2506 826 3211 812" HPOS="2503.0" VPOS="751.0" WIDTH="708.0" HEIGHT="114.0">
            <Shape><Polygon POINTS="2506 826 2506 865 2845 848 2903 851 3036 857 3039 857 3042 857 3075 843 3078 843 3086 843 3169 854 3172 854 3175 854 3211 837 3211 812 3205 765 3075 751 3072 751 2958 765 2911 771 2503 771 2506 826"/></Shape>
	    <String CONTENT="Ia ne dires mais rex fust faite" HPOS="2503.0" VPOS="751.0" WIDTH="708.0" HEIGHT="114.0"/>
          </TextLine>

          
          
          <TextLine ID="eSc_line_8fac25db" TAGREFS="LT3158" BASELINE="2506 887 3133 887" HPOS="2506.0" VPOS="829.0" WIDTH="627.0" HEIGHT="80.0">
            <Shape><Polygon POINTS="2506 887 2506 909 3133 907 3133 887 3130 829 2506 843 2506 887"/></Shape>
	    <String CONTENT="Qant el uꝰ ert dite ⁊ retraite" HPOS="2506.0" VPOS="829.0" WIDTH="627.0" HEIGHT="80.0"/>
          </TextLine>

          
          
          <TextLine ID="eSc_line_bd7d8457" TAGREFS="LT3158" BASELINE="2503 954 3128 937" HPOS="2500.0" VPOS="890.0" WIDTH="628.0" HEIGHT="89.0">
            <Shape><Polygon POINTS="3111 890 3083 890 3055 890 3028 890 3014 890 2500 901 2503 954 2503 979 3128 968 3128 937 3119 890 3111 890"/></Shape>
	    <String CONTENT="Sores quun fu menes caitis" HPOS="2500.0" VPOS="890.0" WIDTH="628.0" HEIGHT="89.0"/>
          </TextLine>

          
          
          <TextLine ID="eSc_line_f25b0535" TAGREFS="LT3158" BASELINE="2509 1015 3180 990" HPOS="2506.0" VPOS="934.0" WIDTH="674.0" HEIGHT="120.0">
            <Shape><Polygon POINTS="3117 940 3089 940 3061 940 3050 940 3017 940 3006 943 2989 943 2506 962 2509 1015 2514 1054 2536 1034 3178 1023 3180 990 3172 934 3117 934 3117 940"/></Shape>
	    <String CONTENT="Qͥ u fu mors ⁊ quin es̾tort uit" HPOS="2506.0" VPOS="934.0" WIDTH="674.0" HEIGHT="120.0"/>
          </TextLine>

          
          
          <TextLine ID="eSc_line_20df89a5" TAGREFS="LT3158" BASELINE="2509 1070 3083 1056" HPOS="2506.0" VPOS="1012.0" WIDTH="577.0" HEIGHT="80.0">
            <Shape><Polygon POINTS="2509 1070 2509 1092 3083 1084 3083 1056 3075 1012 2506 1026 2509 1070"/></Shape>
	    <String CONTENT="La mellee ⁊ la contencon" HPOS="2506.0" VPOS="1012.0" WIDTH="577.0" HEIGHT="80.0"/>
          </TextLine>

          
          
          <TextLine ID="eSc_line_a9fef329" TAGREFS="LT3158" BASELINE="2503 1140 3014 1126" HPOS="2500.0" VPOS="1062.0" WIDTH="514.0" HEIGHT="100.0">
            <Shape><Polygon POINTS="2919 1062 2917 1062 2881 1076 2747 1067 2745 1067 2500 1084 2503 1140 2503 1162 3014 1145 3014 1126 3008 1076 2922 1062 2919 1062"/></Shape>
	    <String CONTENT="Qͥ refu del palladion" HPOS="2500.0" VPOS="1062.0" WIDTH="514.0" HEIGHT="100.0"/>
          </TextLine>

          
          
          <TextLine ID="eSc_line_c8baad1d" TAGREFS="LT3158" BASELINE="2503 1203 3047 1192" HPOS="2500.0" VPOS="1142.0" WIDTH="547.0" HEIGHT="75.0">
            <Shape><Polygon POINTS="2503 1203 2503 1217 3047 1217 3047 1192 3039 1142 2500 1151 2503 1203"/></Shape>
	    <String CONTENT="Tes ores les fais ⁊ les dis" HPOS="2500.0" VPOS="1142.0" WIDTH="547.0" HEIGHT="75.0"/>
          </TextLine>

          
          
          <TextLine ID="eSc_line_4bfe2672" TAGREFS="LT3158" BASELINE="2509 1273 3105 1259" HPOS="2506.0" VPOS="1198.0" WIDTH="599.0" HEIGHT="102.0">
            <Shape><Polygon POINTS="2509 1273 2509 1300 3105 1275 3105 1259 3097 1198 2864 1217 2772 1203 2758 1203 2756 1203 2739 1206 2622 1223 2506 1212 2509 1273"/></Shape>
	    <String CONTENT="⁊ com thelamon fu m᷑dris" HPOS="2506.0" VPOS="1198.0" WIDTH="599.0" HEIGHT="102.0"/>
          </TextLine>

          
          
          <TextLine ID="eSc_line_43457774" TAGREFS="LT3158" BASELINE="2509 1337 3119 1325" HPOS="2506.0" VPOS="1264.0" WIDTH="613.0" HEIGHT="92.0">
            <Shape><Polygon POINTS="2689 1270 2686 1270 2656 1284 2650 1287 2634 1287 2539 1275 2536 1275 2534 1275 2506 1287 2509 1337 2509 1356 3119 1348 3119 1325 3114 1264 2997 1264 2994 1264 2992 1264 2989 1264 2983 1270 2961 1281 2908 1273 2872 1267 2870 1267 2867 1267 2864 1267 2853 1275 2842 1281 2797 1278 2692 1270 2689 1270"/></Shape>
	    <String CONTENT="Com ulixes sor qui fu mis" HPOS="2506.0" VPOS="1264.0" WIDTH="613.0" HEIGHT="92.0"/>
          </TextLine>

          
          
          <TextLine ID="eSc_line_b6dddb9c" TAGREFS="LT3158" BASELINE="2481 1409 3117 1392" HPOS="2478.0" VPOS="1328.0" WIDTH="639.0" HEIGHT="103.0">
            <Shape><Polygon POINTS="3097 1328 3075 1342 2978 1331 2958 1331 2956 1331 2894 1337 2750 1350 2720 1345 2672 1337 2670 1337 2478 1356 2481 1409 2481 1431 3117 1420 3117 1392 3103 1328 3097 1328"/></Shape>
	    <String CONTENT="S en est de nuit ales fuitis" HPOS="2478.0" VPOS="1328.0" WIDTH="639.0" HEIGHT="103.0"/>
          </TextLine>

          
          
          <TextLine ID="eSc_line_673b5c15" TAGREFS="LT3158" BASELINE="2492 1470 3155 1459" HPOS="2489.0" VPOS="1398.0" WIDTH="666.0" HEIGHT="91.0">
            <Shape><Polygon POINTS="2986 1398 2983 1398 2981 1398 2964 1411 2709 1403 2684 1406 2667 1406 2489 1420 2492 1470 2492 1489 3155 1486 3155 1459 3150 1411 2989 1398 2986 1398"/></Shape>
	    <String CONTENT="Sorres com fu randue helaine" HPOS="2489.0" VPOS="1398.0" WIDTH="666.0" HEIGHT="91.0"/>
          </TextLine>

          
          
          <TextLine ID="eSc_line_5c3c6ccc" TAGREFS="LT3158" BASELINE="2500 1539 3158 1531" HPOS="2498.0" VPOS="1470.0" WIDTH="660.0" HEIGHT="105.0">
            <Shape><Polygon POINTS="2500 1539 2503 1575 2542 1561 3155 1564 3158 1531 3153 1481 2770 1470 2767 1470 2498 1484 2500 1539"/></Shape>
	    <String CONTENT="A son sign᷑ a ml̾t grant paine" HPOS="2498.0" VPOS="1470.0" WIDTH="660.0" HEIGHT="105.0"/>
          </TextLine>

          
          
          <TextLine ID="eSc_line_4136c12c" TAGREFS="LT3158" BASELINE="2506 1606 3036 1600" HPOS="2503.0" VPOS="1542.0" WIDTH="533.0" HEIGHT="86.0">
            <Shape><Polygon POINTS="2506 1606 2506 1628 3033 1628 3036 1600 3030 1556 2770 1542 2767 1542 2603 1556 2534 1545 2531 1545 2528 1545 2503 1556 2506 1606"/></Shape>
	    <String CONTENT="Com polisena li pucele" HPOS="2503.0" VPOS="1542.0" WIDTH="533.0" HEIGHT="86.0"/>
          </TextLine>

          
          
          <TextLine ID="eSc_line_c6dfa5f6" TAGREFS="LT3158" BASELINE="2520 1667 3144 1661" HPOS="2517.0" VPOS="1608.0" WIDTH="627.0" HEIGHT="86.0">
            <Shape><Polygon POINTS="2520 1667 2520 1683 3139 1694 3144 1661 3136 1608 2517 1608 2520 1667"/></Shape>
	    <String CONTENT="Li fille au roi prian la bele" HPOS="2517.0" VPOS="1608.0" WIDTH="627.0" HEIGHT="86.0"/>
          </TextLine>

          
          
          <TextLine ID="eSc_line_60277fe8" TAGREFS="LT3158" BASELINE="2514 1730 3122 1722" HPOS="2511.0" VPOS="1672.0" WIDTH="611.0" HEIGHT="75.0">
            <Shape><Polygon POINTS="2514 1730 2514 1747 3119 1742 3122 1722 3117 1678 2511 1672 2514 1730"/></Shape>
	    <String CONTENT="Fu puis al toubel decolee" HPOS="2511.0" VPOS="1672.0" WIDTH="611.0" HEIGHT="75.0"/>
          </TextLine>

          
          
          <TextLine ID="eSc_line_ef0dcdd0" TAGREFS="LT3158" BASELINE="2514 1791 3158 1780" HPOS="2511.0" VPOS="1733.0" WIDTH="647.0" HEIGHT="78.0">
            <Shape><Polygon POINTS="2514 1791 2514 1811 3155 1803 3158 1780 3153 1739 2511 1733 2514 1791"/></Shape>
	    <String CONTENT="D achilles qui tant lot amee" HPOS="2511.0" VPOS="1733.0" WIDTH="647.0" HEIGHT="78.0"/>
          </TextLine>

          
          
          <TextLine ID="eSc_line_55fce064" TAGREFS="LT3158" BASELINE="2511 1852 3197 1836" HPOS="2509.0" VPOS="1783.0" WIDTH="688.0" HEIGHT="86.0">
            <Shape><Polygon POINTS="2511 1852 2511 1869 3194 1864 3197 1836 3189 1783 2509 1805 2511 1852"/></Shape>
	    <String CONTENT="Ce fu grans dels ⁊ grans dolors" HPOS="2509.0" VPOS="1783.0" WIDTH="688.0" HEIGHT="86.0"/>
          </TextLine>

          
          
          <TextLine ID="eSc_line_4ee5f5be" TAGREFS="LT3158" BASELINE="2517 1916 3164 1908" HPOS="2514.0" VPOS="1855.0" WIDTH="650.0" HEIGHT="83.0">
            <Shape><Polygon POINTS="2517 1916 2517 1936 3161 1938 3164 1908 3155 1855 2514 1869 2517 1916"/></Shape>
	    <String CONTENT="Puis le comꝑerent pluisors" HPOS="2514.0" VPOS="1855.0" WIDTH="650.0" HEIGHT="83.0"/>
          </TextLine>

          
          
          <TextLine ID="eSc_line_816cadbc" TAGREFS="LT3158" BASELINE="2520 1983 3092 1975" HPOS="2517.0" VPOS="1922.0" WIDTH="575.0" HEIGHT="86.0">
            <Shape><Polygon POINTS="2520 1983 2520 2008 3092 2002 3092 1975 3083 1922 2517 1933 2520 1983"/></Shape>
	    <String CONTENT="Bon est q̃ locoison oies" HPOS="2517.0" VPOS="1922.0" WIDTH="575.0" HEIGHT="86.0"/>
          </TextLine>

          
          
          <TextLine ID="eSc_line_caf7a2ef" TAGREFS="LT3158" BASELINE="2525 2047 3078 2036" HPOS="2523.0" VPOS="1991.0" WIDTH="555.0" HEIGHT="92.0">
            <Shape><Polygon POINTS="2525 2047 2528 2083 2567 2066 3075 2063 3078 2036 3069 1991 2523 1999 2525 2047"/></Shape>
	    <String CONTENT="Por qeneas fu escillies" HPOS="2523.0" VPOS="1991.0" WIDTH="555.0" HEIGHT="92.0"/>
          </TextLine>

          
          
          <TextLine ID="eSc_line_e1903d6c" TAGREFS="LT3158" BASELINE="2520 2110 3214 2091" HPOS="2517.0" VPOS="2036.0" WIDTH="697.0" HEIGHT="113.0">
            <Shape><Polygon POINTS="2520 2110 2520 2149 2722 2133 3094 2135 3097 2135 3100 2135 3103 2135 3105 2135 3105 2133 3119 2122 3211 2133 3214 2091 3205 2036 2517 2066 2520 2110"/></Shape>
	    <String CONTENT="Coment li griu senrepai̾erent" HPOS="2517.0" VPOS="2036.0" WIDTH="697.0" HEIGHT="113.0"/>
          </TextLine>

          
          
          <TextLine ID="eSc_line_e2aedfbc" TAGREFS="LT3158" BASELINE="2514 2177 3125 2166" HPOS="2511.0" VPOS="2105.0" WIDTH="614.0" HEIGHT="103.0">
            <Shape><Polygon POINTS="2514 2177 2517 2208 2573 2194 2808 2194 3089 2196 3092 2196 3094 2196 3125 2180 3125 2166 3111 2105 3086 2119 2928 2113 2867 2110 2864 2110 2511 2127 2514 2177"/></Shape>
	    <String CONTENT="⁊ coment il reperillierent" HPOS="2511.0" VPOS="2105.0" WIDTH="614.0" HEIGHT="103.0" WC="0.978219678768745"/>
          </TextLine>

          
          
          <TextLine ID="eSc_line_e5eb767d" TAGREFS="LT3158" BASELINE="2520 2246 3114 2238" HPOS="2517.0" VPOS="2177.0" WIDTH="597.0" HEIGHT="89.0">
            <Shape><Polygon POINTS="2520 2246 2520 2266 3111 2266 3114 2238 3100 2177 3078 2191 2983 2183 2919 2177 2917 2177 2914 2177 2881 2185 2853 2194 2811 2191 2722 2180 2720 2180 2717 2180 2661 2196 2656 2196 2647 2196 2550 2183 2548 2183 2545 2183 2542 2183 2517 2196 2520 2246"/></Shape>
	    <String CONTENT="Com il alerent a dolor" HPOS="2517.0" VPOS="2177.0" WIDTH="597.0" HEIGHT="89.0"/>
          </TextLine>

          
          
          <TextLine ID="eSc_line_a7a72572" TAGREFS="LT3158" BASELINE="2517 2310 3167 2296" HPOS="2514.0" VPOS="2238.0" WIDTH="653.0" HEIGHT="97.0">
            <Shape><Polygon POINTS="3097 2241 3069 2241 3042 2241 3014 2241 2986 2241 2958 2241 2931 2241 2908 2241 2886 2257 2800 2257 2786 2244 2764 2244 2736 2244 2611 2260 2514 2246 2517 2310 2517 2335 3164 2332 3167 2296 3161 2238 3097 2238 3097 2241"/></Shape>
	    <String CONTENT="⁊ com furent mort li pluisor" HPOS="2514.0" VPOS="2238.0" WIDTH="653.0" HEIGHT="97.0"/>
          </TextLine>

          
          
          <TextLine ID="eSc_line_711223d3" TAGREFS="LT3158" BASELINE="2509 2382 3119 2374" HPOS="2506.0" VPOS="2313.0" WIDTH="613.0" HEIGHT="94.0">
            <Shape><Polygon POINTS="2509 2382 2509 2407 3117 2399 3119 2374 3114 2316 2856 2316 2853 2316 2850 2316 2847 2316 2839 2324 2831 2327 2825 2324 2817 2316 2817 2313 2814 2313 2811 2313 2709 2313 2706 2313 2506 2332 2509 2382"/></Shape>
	    <String CONTENT="Com agam̃nõ fu mordris" HPOS="2506.0" VPOS="2313.0" WIDTH="613.0" HEIGHT="94.0"/>
          </TextLine>

          
          
          <TextLine ID="eSc_line_406abc8d" TAGREFS="LT3158" BASELINE="2511 2446 3136 2438" HPOS="2509.0" VPOS="2388.0" WIDTH="627.0" HEIGHT="94.0">
            <Shape><Polygon POINTS="2511 2446 2511 2468 2636 2482 2639 2482 3136 2463 3136 2438 3128 2388 2509 2399 2511 2446"/></Shape>
	    <String CONTENT="⁊ com le uenga puis ses fis" HPOS="2509.0" VPOS="2388.0" WIDTH="627.0" HEIGHT="94.0"/>
          </TextLine>

          
          
          <TextLine ID="eSc_line_110ff83b" TAGREFS="LT3158" BASELINE="2517 2518 3080 2502" HPOS="2514.0" VPOS="2449.0" WIDTH="566.0" HEIGHT="91.0">
            <Shape><Polygon POINTS="2517 2518 2517 2540 3080 2532 3080 2502 3072 2449 2756 2465 2664 2454 2642 2454 2639 2454 2636 2454 2631 2457 2603 2471 2514 2460 2517 2518"/></Shape>
	    <String CONTENT="De samere demainemt̃" HPOS="2514.0" VPOS="2449.0" WIDTH="566.0" HEIGHT="91.0"/>
          </TextLine>

          
          
          <TextLine ID="eSc_line_4b8bbc8f" TAGREFS="LT3158" BASELINE="2517 2582 3025 2568" HPOS="2514.0" VPOS="2507.0" WIDTH="511.0" HEIGHT="94.0">
            <Shape><Polygon POINTS="2944 2507 2886 2521 2878 2524 2514 2524 2517 2582 2517 2601 3025 2588 3025 2568 3019 2521 2947 2507 2944 2507"/></Shape>
	    <String CONTENT="Uꝰ ores asses bñ com̃t" HPOS="2514.0" VPOS="2507.0" WIDTH="511.0" HEIGHT="94.0"/>
          </TextLine>

          
          
          <TextLine ID="eSc_line_ea548a38" TAGREFS="LT3158" BASELINE="2514 2646 3055 2635" HPOS="2511.0" VPOS="2576.0" WIDTH="544.0" HEIGHT="89.0">
            <Shape><Polygon POINTS="2514 2646 2514 2665 3055 2651 3055 2635 3047 2576 2511 2596 2514 2646"/></Shape>
	    <String CONTENT="a conter ores les ahans" HPOS="2511.0" VPOS="2576.0" WIDTH="544.0" HEIGHT="89.0" WC="0.976951184480087"/>
          </TextLine>

          
          
          <TextLine ID="eSc_line_888e62c0" TAGREFS="LT3158" BASELINE="2514 2715 3094 2698" HPOS="2511.0" VPOS="2646.0" WIDTH="583.0" HEIGHT="105.0">
            <Shape><Polygon POINTS="2609 2646 2511 2665 2514 2715 2514 2735 2595 2751 2597 2751 2686 2748 2689 2748 2692 2748 2706 2735 2711 2732 2728 2735 2792 2746 2795 2746 2847 2735 2875 2729 3092 2732 3094 2698 3089 2651 2611 2646 2609 2646"/></Shape>
	    <String CONTENT="Q̾ hulixes sosci .uii. ans" HPOS="2511.0" VPOS="2646.0" WIDTH="583.0" HEIGHT="105.0"/>
          </TextLine>

          
          
          <TextLine ID="eSc_line_b0c8e3f9" TAGREFS="LT3158" BASELINE="2514 2782 3111 2765" HPOS="2511.0" VPOS="2723.0" WIDTH="600.0" HEIGHT="92.0">
            <Shape><Polygon POINTS="2514 2782 2514 2801 2597 2815 2600 2815 3111 2787 3111 2765 3103 2723 2511 2723 2514 2782"/></Shape>
	    <String CONTENT="D anthenor ꝯm̃t esploita" HPOS="2511.0" VPOS="2723.0" WIDTH="600.0" HEIGHT="92.0"/>
          </TextLine>

          
          
          <TextLine ID="eSc_line_2553eb4a" TAGREFS="LT3158" BASELINE="2517 2848 3008 2834" HPOS="2514.0" VPOS="2773.0" WIDTH="494.0" HEIGHT="95.0">
            <Shape><Polygon POINTS="2517 2848 2517 2868 3008 2862 3008 2834 3003 2793 2922 2773 2919 2773 2917 2773 2914 2773 2914 2776 2897 2790 2878 2776 2875 2776 2872 2776 2870 2776 2739 2793 2697 2798 2681 2793 2656 2784 2653 2784 2650 2784 2647 2784 2625 2793 2606 2801 2584 2796 2553 2784 2550 2784 2548 2784 2545 2784 2514 2793 2517 2848"/></Shape>
	    <String CONTENT="De sa cite q̃ il fonda" HPOS="2514.0" VPOS="2773.0" WIDTH="494.0" HEIGHT="95.0"/>
          </TextLine>

          
          
          <TextLine ID="eSc_line_59846045" TAGREFS="LT3158" BASELINE="2520 2909 3047 2890" HPOS="2517.0" VPOS="2832.0" WIDTH="530.0" HEIGHT="105.0">
            <Shape><Polygon POINTS="2989 2837 2961 2837 2933 2837 2906 2840 2878 2840 2850 2840 2822 2840 2795 2843 2767 2843 2739 2843 2711 2846 2684 2846 2664 2846 2606 2846 2600 2848 2589 2848 2517 2848 2520 2909 2520 2926 2667 2937 2670 2937 2847 2915 2856 2915 2861 2915 3011 2923 3014 2923 3017 2923 3047 2907 3047 2890 3039 2832 2989 2832 2989 2837"/></Shape>
	    <String CONTENT="De pirrꝰ le fil achilles" HPOS="2517.0" VPOS="2832.0" WIDTH="530.0" HEIGHT="105.0"/>
          </TextLine>

          
          
          <TextLine ID="eSc_line_c5afea87" TAGREFS="LT3158" BASELINE="2523 2970 3067 2954" HPOS="2520.0" VPOS="2904.0" WIDTH="547.0" HEIGHT="80.0">
            <Shape><Polygon POINTS="2731 2904 2728 2904 2609 2920 2564 2909 2561 2909 2559 2909 2556 2909 2520 2923 2523 2970 2523 2984 3064 2970 3067 2954 3061 2904 2742 2904 2731 2904"/></Shape>
	    <String CONTENT="Qͥ asses fu fel ⁊ engres" HPOS="2520.0" VPOS="2904.0" WIDTH="547.0" HEIGHT="80.0"/>
          </TextLine>

          
          
          <TextLine ID="eSc_line_e54df7d0" TAGREFS="LT3158" BASELINE="2550 3026 3100 3009" HPOS="2548.0" VPOS="2954.0" WIDTH="552.0" HEIGHT="105.0">
            <Shape><Polygon POINTS="3047 2956 3044 2956 2731 2976 2700 2976 2606 2968 2603 2970 2575 2970 2559 2970 2548 2976 2550 3026 2550 3059 2678 3042 3097 3042 3100 3009 3092 2954 3047 2954 3047 2956"/></Shape>
	    <String CONTENT="Porres oir com il mesprist" HPOS="2548.0" VPOS="2954.0" WIDTH="552.0" HEIGHT="105.0"/>
          </TextLine>

          
          
          <TextLine ID="eSc_line_b5fcbe35" TAGREFS="LT3158" BASELINE="2525 3087 3083 3067" HPOS="2523.0" VPOS="3020.0" WIDTH="560.0" HEIGHT="83.0">
            <Shape><Polygon POINTS="2525 3087 2525 3103 3083 3095 3083 3067 3075 3020 2589 3040 2523 3029 2525 3087"/></Shape>
	    <String CONTENT="De ses .ii. oncles qͥl ocist" HPOS="2523.0" VPOS="3020.0" WIDTH="560.0" HEIGHT="83.0"/>
          </TextLine>

          
          
          <TextLine ID="eSc_line_0ad3e4de" TAGREFS="LT3158" BASELINE="2528 3147 3092 3126" HPOS="2522" VPOS="3070" WIDTH="566" HEIGHT="100">
            <Shape><Polygon POINTS="2938 3074 2896 3074 2888 3074 2788 3074 2771 3079 2730 3079 2701 3079 2680 3079 2646 3083 2605 3083 2563 3083 2522 3083 2526 3145 2526 3170 3088 3158 3088 3124 3075 3070 2950 3070 2938 3074"/></Shape>
	    <String CONTENT="⁊ com ocist lui orestes" HPOS="2522" VPOS="3070" WIDTH="566" HEIGHT="100"/>
          </TextLine>

          
          
          <TextLine ID="eSc_line_aa2d224c" TAGREFS="LT3158" BASELINE="2536 3209 3053 3189" HPOS="2534.0" VPOS="3128.0" WIDTH="519.0" HEIGHT="109.0">
            <Shape><Polygon POINTS="2783 3137 2761 3137 2750 3145 2739 3153 2700 3151 2606 3140 2603 3140 2600 3140 2534 3159 2536 3209 2536 3237 3053 3212 3053 3189 3044 3128 2825 3151 2803 3142 2783 3134 2783 3137"/></Shape>
	    <String CONTENT="p᷑ sa fame lonc tans ap̾s" HPOS="2534.0" VPOS="3128.0" WIDTH="519.0" HEIGHT="109.0"/>
          </TextLine>

          
          
          <TextLine ID="eSc_line_4cb9529a" TAGREFS="LT3158" BASELINE="2536 3270 3130 3245" HPOS="2534.0" VPOS="3189.0" WIDTH="596.0" HEIGHT="109.0">
            <Shape><Polygon POINTS="3030 3192 3003 3192 2983 3192 2939 3206 2931 3209 2534 3217 2536 3270 2536 3298 3130 3270 3130 3245 3125 3201 3030 3189 3030 3192"/></Shape>
	    <String CONTENT="⁊ dandromaca la uaillant" HPOS="2534.0" VPOS="3189.0" WIDTH="596.0" HEIGHT="109.0"/>
          </TextLine>

          
          
          <TextLine ID="eSc_line_28029cf5" TAGREFS="LT3158" BASELINE="2534 3336 3136 3312" HPOS="2531.0" VPOS="3253.0" WIDTH="605.0" HEIGHT="108.0">
            <Shape><Polygon POINTS="2534 3336 2534 3361 2997 3350 3136 3328 3136 3312 3122 3253 3108 3264 3033 3259 3003 3256 3000 3256 2531 3287 2534 3336"/></Shape>
	    <String CONTENT="Qͥ remest gͦsse dũ enfant" HPOS="2531.0" VPOS="3253.0" WIDTH="605.0" HEIGHT="108.0"/>
          </TextLine>

          
          
          <TextLine ID="eSc_line_8e46d8cb" TAGREFS="LT3158" BASELINE="2531 3403 3083 3386" HPOS="2528.0" VPOS="3331.0" WIDTH="555.0" HEIGHT="89.0">
            <Shape><Polygon POINTS="2531 3403 2531 3420 3080 3406 3083 3386 3075 3331 2528 3348 2531 3403"/></Shape>
	    <String CONTENT="Qͥ le fil hector fist pꝰ Roi" HPOS="2528.0" VPOS="3331.0" WIDTH="555.0" HEIGHT="89.0"/>
          </TextLine>

          
          
          <TextLine ID="eSc_line_5ef3f098" TAGREFS="LT3158" BASELINE="2529 3471 3155 3445" HPOS="2522" VPOS="3374" WIDTH="632" HEIGHT="116">
            <Shape><Polygon POINTS="3063 3386 3021 3386 2979 3386 2938 3391 2896 3391 2855 3391 2825 3391 2796 3391 2771 3395 2746 3395 2522 3403 2526 3470 2526 3490 3154 3457 3154 3441 3142 3374 3067 3374 3063 3386"/></Shape>
	    <String CONTENT="⁊ traist auant qͥl ne fist soi" HPOS="2522" VPOS="3374" WIDTH="632" HEIGHT="116"/>
          </TextLine>

          
          
          <TextLine ID="eSc_line_6aed2274" TAGREFS="LT3158" BASELINE="2534 3528 3155 3508" HPOS="2531.0" VPOS="3459.0" WIDTH="624.0" HEIGHT="88.0">
            <Shape><Polygon POINTS="2534 3528 2534 3547 3155 3528 3155 3508 3147 3459 2531 3475 2534 3528"/></Shape>
	    <String CONTENT="L es songes kulixes songa" HPOS="2531.0" VPOS="3459.0" WIDTH="624.0" HEIGHT="88.0" WC="0.985961809158325"/>
          </TextLine>

          
          
          <TextLine ID="eSc_line_2aae78a2" TAGREFS="LT3158" BASELINE="2538 3607 3169 3567" HPOS="2526" VPOS="3495" WIDTH="641" HEIGHT="124">
            <Shape><Polygon POINTS="3150 3511 3108 3511 3067 3511 3025 3511 2984 3515 2942 3515 2900 3515 2888 3515 2526 3540 2534 3603 2534 3619 3167 3594 3167 3565 3154 3495 3146 3495 3150 3511"/></Shape>
	    <String CONTENT="Ia gentiꝰ hom teꝰ nẽ orra" HPOS="2526" VPOS="3495" WIDTH="641" HEIGHT="124"/>
          </TextLine>

          
          
          <TextLine ID="eSc_line_f0c7f0f0" TAGREFS="LT3158" BASELINE="2539 3655 3094 3633" HPOS="2534.0" VPOS="3564.0" WIDTH="560.0" HEIGHT="116.0">
            <Shape><Polygon POINTS="2922 3578 2894 3578 2870 3578 2867 3578 2764 3597 2747 3583 2731 3583 2725 3583 2667 3603 2647 3586 2620 3586 2606 3564 2534 3567 2539 3655 2539 3680 3094 3655 3094 3633 3089 3581 2936 3575 2922 3578"/></Shape>
	    <String CONTENT="Com̃t ses fuis thelegonꝰ" HPOS="2534.0" VPOS="3564.0" WIDTH="560.0" HEIGHT="116.0"/>
          </TextLine>

          
          
          <TextLine ID="eSc_line_2b439a30" TAGREFS="LT3158" BASELINE="2542 3725 3189 3697" HPOS="2536.0" VPOS="3633.0" WIDTH="653.0" HEIGHT="125.0">
            <Shape><Polygon POINTS="2542 3725 2542 3744 2584 3758 2586 3758 2589 3758 2592 3758 2595 3758 2614 3744 2795 3750 2797 3750 3189 3722 3189 3697 3180 3633 3078 3653 3030 3642 3028 3642 3025 3642 2944 3661 2536 3661 2542 3725"/></Shape>
	    <String CONTENT="Qͥ l auoit qͥs .uii. mois ou plꝰ" HPOS="2536.0" VPOS="3633.0" WIDTH="653.0" HEIGHT="125.0"/>
          </TextLine>

          
          
          <TextLine ID="eSc_line_4da8bb42" TAGREFS="LT3158" BASELINE="2548 3789 3200 3764" HPOS="2545.0" VPOS="3708.0" WIDTH="655.0" HEIGHT="106.0">
            <Shape><Polygon POINTS="2548 3789 2548 3805 2758 3814 2761 3814 3200 3786 3200 3764 3191 3708 2545 3733 2548 3789"/></Shape>
	    <String CONTENT="l ocist puis ꝑmes auenture" HPOS="2545.0" VPOS="3708.0" WIDTH="655.0" HEIGHT="106.0"/>
          </TextLine>

          
          
          <TextLine ID="eSc_line_b27d6557" TAGREFS="LT3158" BASELINE="2539 3851 3180 3827" HPOS="2534" VPOS="3769" WIDTH="645" HEIGHT="100">
            <Shape><Polygon POINTS="2538 3848 2538 3869 3179 3844 3179 3823 3167 3769 2534 3786 2538 3848"/></Shape>
	    <String CONTENT="Issi com nos dist lesc̾ture" HPOS="2534" VPOS="3769" WIDTH="645" HEIGHT="100"/>
          </TextLine>

          
          
          <TextLine ID="eSc_line_1099c254" TAGREFS="LT3158" BASELINE="2545 3900 3200 3888" HPOS="2542.0" VPOS="3819.0" WIDTH="658.0" HEIGHT="114.0">
            <Shape><Polygon POINTS="3180 3827 3172 3827 3139 3847 2922 3852 2883 3839 2875 3839 2861 3839 2833 3855 2650 3855 2620 3825 2620 3822 2617 3822 2614 3822 2542 3822 2545 3900 2545 3919 2867 3933 2870 3933 3039 3916 3161 3925 3164 3925 3167 3925 3200 3908 3200 3888 3189 3819 3180 3822 3180 3827"/></Shape>
	    <String CONTENT="Les oeures qui euff trouees" HPOS="2542.0" VPOS="3819.0" WIDTH="658.0" HEIGHT="114.0"/>
          </TextLine>

          
          
          <TextLine ID="eSc_line_11f6103e" TAGREFS="LT3158" BASELINE="2525 3977 3150 3952" HPOS="2523.0" VPOS="3902.0" WIDTH="627.0" HEIGHT="97.0">
            <Shape><Polygon POINTS="2525 3977 2525 3999 3150 3969 3150 3952 3142 3902 2523 3919 2525 3977"/></Shape>
	    <String CONTENT="Sont el liure si acontees" HPOS="2523.0" VPOS="3902.0" WIDTH="627.0" HEIGHT="97.0"/>
          </TextLine>

          
          
          <TextLine ID="eSc_line_b5c6faf9" TAGREFS="LT3158" BASELINE="2556 4036 3130 4016" HPOS="2553.0" VPOS="3966.0" WIDTH="577.0" HEIGHT="86.0">
            <Shape><Polygon POINTS="2775 3969 2747 3969 2720 3972 2692 3972 2678 3972 2553 3986 2556 4036 2556 4052 3047 4052 3047 4049 3130 4030 3130 4016 3125 3969 2797 3966 2775 3969"/></Shape>
	    <String CONTENT="Q a tote Riẽ ert a plaisir" HPOS="2553.0" VPOS="3966.0" WIDTH="577.0" HEIGHT="86.0"/>
          </TextLine>

          
          
          <TextLine ID="eSc_line_22aa9d6c" TAGREFS="LT3158" BASELINE="2553 4102 3155 4077" HPOS="2548.0" VPOS="4022.0" WIDTH="607.0" HEIGHT="113.0">
            <Shape><Polygon POINTS="2936 4024 2908 4024 2881 4027 2853 4027 2825 4027 2797 4030 2770 4030 2745 4030 2717 4033 2695 4033 2692 4036 2670 4049 2548 4038 2553 4102 2553 4135 3153 4102 3155 4077 3150 4033 2939 4022 2936 4024"/></Shape>
	    <String CONTENT="⁊ ml̾t la fera bon oir" HPOS="2548.0" VPOS="4022.0" WIDTH="607.0" HEIGHT="113.0"/>
          </TextLine>

          
        </TextBlock>
        
        <TextBlock HPOS="1629.0" VPOS="388.0" WIDTH="64.0" HEIGHT="86.0" ID="eSc_textblock_158e1ce6" TAGREFS="BT8856">
          <Shape><Polygon POINTS="1640 388 1693 410 1670 474 1629 474 1640 388"/></Shape>
          
        </TextBlock>
        

        
      </PrintSpace>
    </Page>
  </Layout>
</alto>
