7086 5032
1059.0 497.0 993.0 137.0 il ala court grant piece. Si doulz

1054.0 601.0 984.0 106.0 et si debonneres. et si humbles

1057.0 698.0 992.0 101.0 a toutes genz quil nauoit en

1065.0 771.0 1001.0 98.0 lui uice ne mauuestie. ne nule

1065.0 838.0 1018.0 123.0 folie. En lui auoit amor enu̾s

1062.0 936.0 1012.0 103.0 ses ꝯpaignons. et douceur ⁊ pitie

1062.0 1006.0 1032.0 103.0 et benignite et charite. ⁊ paccience

1062.0 1095.0 1010.0 93.0 et bone uolente et humilite.

1065.0 1188.0 1001.0 103.0 si grant q̃ le trespassoit toute

1068.0 1255.0 1012.0 98.0 lumanite de cest monde. Si i ert

1065.0 1336.0 1026.0 112.0 il doulz ⁊ pius.⁊ de bone attempeã

1065.0 1425.0 1018.0 95.0 c. quil resembloit mielz honme

1071.0 1504.0 1009.0 106.0 de religion que ch̾rs par la grant

1071.0 1590.0 1006.0 104.0 simplesce que len en lui ueoit.

1068.0 1685.0 1006.0 101.0 Et par ce auoit il ses ꝯpaignons

1076.0 1763.0 979.0 93.0 trestouz ueincuz. qui tuit len

1073.0 1839.0 996.0 103.0 noroient ml̾t uolentiers. et

1073.0 1942.0 1018.0 87.0 portoient seignorie et reuerence

1076.0 2018.0 1007.0 106.0 et a donc encor n i ert il mie.

1082.0 2096.0 1026.0 109.0 regenere de la seinte eue de bap

1084.0 2188.0 1016.0 98.0 tesme. et si fesoit il ne porqnͣt

1084.0 2261.0 1004.0 106.0 les oeuures qui du bauptesme de

1093.0 2345.0 1001.0 92.0 uoient nestre. Cest cil qui ꝯfor

1087.0 2429.0 999.0 100.0 toit ceus qui pour lamor nrẽ

1087.0 2521.0 996.0 87.0 seignor soffroient trauaill et

1093.0 2588.0 998.0 123.0 peine. et si aidoit les poures. ⁊ les

1093.0 2689.0 998.0 103.0 chetis. et norrissoit les besoĩgnex

1096.0 2764.0 998.0 93.0 et reuestoit les nuz. Einsint

1098.0 2857.0 1021.0 92.0 a emplissoit il les oeuures demi

1104.0 2924.0 1001.0 100.0 sericorde. Deuant ce quil eust

1110.0 3019.0 1006.0 98.0 receu bautesme. Et si ne gardoit

1112.0 3089.0 1007.0 103.0 de ses solz et de ses gages que il a

1110.0 3167.0 1018.0 98.0 uoit a court. si conme ch̾rs. fors

1107.0 3248.0 1023.0 101.0 tant seulement ꝯme il en auoit

1112.0 3326.0 1010.0 90.0 mestier le ior a uiure ⁊ lautre

1112.0 3399.0 1007.0 103.0 de partoit et donnoit as poures

1112.0 3483.0 1004.0 100.0 et a ceus qui en auoient mestier

1115.0 3567.0 1007.0 103.0 et besoingneux estoient. Et biẽ

1118.0 3648.0 1010.0 103.0 retenoit et a emplissoit les pa

1118.0 3734.0 1012.0 135.0 roles de leuengile quil auoit oies

2273.0 480.0 1004.0 132.0 Car il ne pensoit mie de lendemaĩ

2276.0 581.0 976.0 109.0 si conme mtes genz font ores

2455.0 670.0 791.0 109.0 Pres ce quil fu ch̾rs deue

2449.0 757.0 797.0 104.0 nuz senuint il ensemble

2276.0 841.0 981.0 109.0 .i. preuost lemꝑeor en france.

2273.0 911.0 1018.0 117.0 Tant quil uint a la cite damiẽs

2290.0 992.0 962.0 112.0 la seiorna li preuolz et si ch̾r

2290.0 1079.0 981.0 95.0 ne se combien. Tant quil auint

2295.0 1162.0 957.0 104.0 quil cheuauchierent .i. ior par

2301.0 1241.0 965.0 95.0 la cite par ml̾t grant froidure

2287.0 1339.0 987.0 86.0 Qant il paruindrent a la porte

2295.0 1414.0 979.0 92.0 il trouuerent .i. poure home .

2301.0 1506.0 959.0 84.0 nuz ⁊besoignex qui leur ꝯmẽ

2301.0 1582.0 956.0 100.0 ca a proier. ⁊ a rouuer que il

2307.0 1657.0 981.0 106.0 li feissent bien pour dieu.

2304.0 1750.0 976.0 95.0 Mes trestuit le trespasserent

2298.0 1839.0 996.0 92.0 que nul bien ne li firent. Qãt

2301.0 1928.0 984.0 104.0 ce uit .s̾. Martins qui uenoit

2309.0 2004.0 973.0 95.0 derreains que tuit cu qui de

2309.0 2102.0 987.0 95.0 Uant lui passoient nauoient

2312.0 2186.0 987.0 86.0 fet au poure nul bien ne nule mi

2309.0 2256.0 985.0 106.0 sericorde. Il se pensa que nr̃e sires

2318.0 2345.0 981.0 87.0 li auoit garde pour ce que il li fe-

2315.0 2415.0 979.0 114.0 ist bien ⁊ donnast. aucunc chose.

2315.0 2513.0 973.0 103.0 Mes il nauoit ne or ne argent.

2323.0 2597.0 965.0 95.0 ne autre rien quil peust donner

2320.0 2678.0 960.0 89.0 que de son mantel quil auoit as

2329.0 2753.0 948.0 104.0 fuble. et la froidure estoit gnͣz

2323.0 2845.0 945.0 90.0 et desmesuree. Car toutes ses

2329.0 2921.0 951.0 98.0 autres choses auoit donnees aus

2332.0 2996.0 942.0 109.0 poures et departies. lors prist

2334.0 3080.0 929.0 98.0 li seinz ch̾rs lespee quil auoit

2332.0 3161.0 959.0 84.0 ceinte. si entrencha son mentel

2337.0 3223.0 968.0 120.0 parmi. Si endonna lamoitie au

2340.0 3304.0 951.0 126.0 poure. et lautre partie rafubla

2337.0 3396.0 962.0 98.0 et mist entour soi. Dont le con

2340.0 3466.0 954.0 103.0 menciernt a escharnir cil qui

2343.0 3555.0 948.0 104.0 enuiron lui estoient pour ce

2340.0 3623.0 956.0 125.0 que lafubleure. i ert leide de ce

2346.0 3709.0 948.0 143.0 que ele estoit trenchiee. Et li

3702.0 450.0 945.0 120.0 pluseur qui preudome erent.

3696.0 522.0 971.0 123.0 se plaindrent et gemirent dedẽz

3702.0 620.0 967.0 115.0 ieur cuers. de ce quil onq̃s nauoiẽt

3699.0 704.0 973.0 120.0 sigranz biens fez ꝯme il li auoiẽt

3710.0 799.0 951.0 95.0 ueu fere. Ne nauoient onques

3707.0 866.0 951.0 123.0 poures reuestuz que bñ peussẽt

3707.0 953.0 862.0 106.0 auoir fet sanz eus desnuer.

3845.0 1023.0 824.0 123.0 ant ceuint la nuit . ⁊ il fu

3817.0 1115.0 858.0 98.0 rent couchie li beneoiz ch̾rs

3710.0 1188.0 985.0 125.0 Seinz Martins uit ĩhu crist si tost

3707.0 1280.0 968.0 98.0 ꝯme il fu endormiz qui estoit affu

3713.0 1378.0 956.0 100.0 ble du mantel quil auoit donne au

3713.0 1448.0 984.0 106.0 poure home. Si li ꝯmanda nr̃e sires

3713.0 1534.0 993.0 104.0 quil regardast et conneust la ueste

3716.0 1613.0 984.0 109.0 ure quil li auoit donnee. Apres

3719.0 1699.0 959.0 120.0 oi que nr̃e sires ih̾u crist disoit

3719.0 1786.0 956.0 117.0 a haute uoiz a la grant plante

3716.0 1859.0 981.0 125.0 des angres qui enuiron lui estoiẽt

3713.0 1951.0 973.0 103.0 Martins qui encore nest baup

3716.0 2035.0 990.0 106.0 tisiez ma couuert de ceste uesteu

3721.0 2119.0 971.0 106.0 re. Et la ou nr̃e sires dist quil

3724.0 2214.0 959.0 103.0 estoit uestuz par le poure qui

3727.0 2275.0 990.0 106.0 la uesteure auoit receue li souĩt

3724.0 2362.0 968.0 112.0 de la parole deleuangile quil a

3733.0 2440.0 990.0 106.0 uoit deuant dite. Ce que uos feiste ᷤ

3730.0 2535.0 970.0 115.0 a .i. de mes petiz poures. ce feistes

3738.0 2627.0 965.0 90.0 Uꝰ a moi meismes ⁊ pour ꝯferm̾

3738.0 2706.0 987.0 103.0 le tesmoing desi bone oeuure.

3733.0 2781.0 970.0 106.0 Se deignast demonstrer a seint

3741.0 2859.0 979.0 104.0 Martin en cele forme. ⁊ en cel

3747.0 2940.0 978.0 107.0 abit. en quoi li poures ot receue

3747.0 3016.0 956.0 115.0 la uesteure. Qant .s̾. Martins

3744.0 3097.0 967.0 98.0 le uit entel maniere. Son cuer

3747.0 3178.0 962.0 106.0 ne fu mie esleuez en humeinne

3752.0 3262.0 968.0 112.0 gloire. Einz ꝯnut ꝑ les oeuures

3752.0 3335.0 968.0 117.0 quil auoit fetes la bonte ⁊ la dou

3747.0 3427.0 970.0 98.0 ceur nr̃e soĩgneur. Et pour ce

3752.0 3500.0 979.0 114.0 se fist il baptisier. en laage de .x.

3752.0 3589.0 979.0 109.0 .uiii. anz. Et si ne deguerpimie

3752.0 3676.0 973.0 131.0 tantost ꝯme il fu bauptisiez.

4879.0 399.0 1026.0 129.0 sa ch̾rie. Einz fu ensemble le pre

4882.0 505.0 1004.0 110.0 uost en qui ꝯpaignie il estoit

4893.0 578.0 998.0 132.0 uenuz. Ne uouloit renoncier

4890.0 673.0 1007.0 123.0 au siecle Iusqua tant que il eust.

4896.0 763.0 867.0 120.0 deguerpie cele seignorie.

4974 849 929 98 insi atendi .s̾. Martins.

5030.0 925.0 887.0 112.0 pres de .ii. anz. Apres ce quil

4893.0 995.0 1032.0 123.0 fu bautisiez. ⁊ fu ch̾r seulement

4899.0 1079.0 995.0 120.0 par non. sanz autre oeuure de

4902.0 1157.0 1009.0 114.0 ch̾rie fere. En dementieres uin

4902.0 1249.0 1012.0 104.0 drent estranges en la contree de

4907.0 1325.0 1012.0 120.0 france. pour la terre destruire.

4907.0 1431.0 993.0 98.0 Dont assembla Iuliens li emꝑe

4904.0 1504.0 1004.0 109.0 res de rome ses olz. en une cite.

4885.0 1587.0 1032.0 123.0 qui angloue estoit apelee. Si i con

4913.0 1674.0 1001.0 117.0 menca a deꝑtir ⁊ a donner solz.

4907.0 1752.0 1038.0 115.0 et liuroisons aus ch̾rs . ⁊ si les fist

4913.0 1853.0 1009.0 95.0 semondre touz par tout la ou il

4910.0 1931.0 1015.0 101.0 estoient. Si ꝯme il estoit a costu

4913.0 2012.0 995.0 107.0 me.Tant que .s̾. Martins i fu

4918.0 2096.0 1015.0 101.0 semons auenit a cele assemblee

4913.0 2174.0 1026.0 109.0 A donc uit li seinz hom que li tẽs

4924.0 2269.0 1015.0 84.0 estoit uenuz conuenables. de les

4921.0 2339.0 1010.0 115.0 sier ⁊ deguerpir lueure de la

4924.0 2418.0 1035.0 114.0 terrienne cheualerie. Ne li sem

4927.0 2507.0 1023.0 106.0 bloit mie que resons fust ne droi

4932.0 2597.0 1004.0 100.0 ture de prendre solz ne despẽses

4924.0 2678.0 1001.0 109.0 puis que de seruir ne les uoloit

4932.0 2756.0 990.0 95.0 Lors se trest li seinz hom alem

4932.0 2831.0 987.0 107.0 pereorz et si li dist. Ie tai serui.

4938.0 2904.0 1007.0 131.0 tresqua ore par ma cheualerie.

4938.0 2985.0 993.0 120.0 Or sueffre que ge soie ch̾rs nostre

4935.0 3069.0 990.0 117.0 seignor. et que ie le serue. Et cil

4938.0 3150.0 1012.0 120.0 qui se wellent combatre praĩg

4941.0 3228.0 1004.0 115.0 nent tes solz. et tes dons. Ie sui

4941.0 3307.0 992.0 117.0 des ch̾rs nr̃e seignor. Si ne me

4943.0 3391.0 999.0 117.0 loist mie combatre. Qant lem

4938.0 3483.0 1007.0 112.0 ꝑeres oi ceste parole. si fremi tos

4938.0 3564.0 990.0 109.0 de corrouz ⁊ dire. Si dist a. Seint

4946.0 3637.0 1013.0 167.0 Martin quil deg̾rpissoit la ch̾rie
