7083 5025
1127.0 407.0 992.0 148.0 pour la poour de la bataille. qui estoit

1125.0 527.0 1002.0 101.0 a uenir a lendemain. Et non mie por

1122.0 600.0 997.0 106.0 la grace de religion. Dont dist ml̾t

1122.0 689.0 994.0 112.0 hardiement .s̾. Martins a lemꝑeor

1108.0 764.0 997.0 107.0 Se len dit que ce soit pour poour

1113.0 848.0 1000.0 106.0 que ge la ch̾rie deguerpisse ⁊ non

1116.0 924.0 1011.0 106.0 mie pour foi que ge aie enuers nr̃e

1113.0 1013.0 1003.0 103.0 seignor. Ie serai demain deuant.

1113.0 1094.0 1000.0 95.0 et toute ma ꝯpaignie desarmez

1113.0 1164.0 1014.0 111.0 sanz escu et sanz hiaume. Et el nõ

1111.0 1242.0 1021.0 117.0 nr̃e seignor ih̾u crist sere ge seigniez

1105.0 1331.0 1008.0 103.0 del signe de la croiz. Si sachiez que

1097.0 1404.0 1016.0 114.0 ge tresꝑcere. et trespassere les ba

1097.0 1490.0 1016.0 92.0 tailles de mes anemis seurement

1100.0 1571.0 1021.0 115.0 la ou eles seront plus espesses assen

1100.0 1661.0 1005.0 106.0 blees. Qant li emperes oi ce Si 9

1097.0 1747.0 1019.0 117.0 manda qen le meist en prison.

1097.0 1839.0 1022.0 106.0 pour ce quil feist ce quil auoit

1091.0 1909.0 1008.0 112.0 dit. Qant uint a lendemein

1100.0 1998.0 1024.0 112.0 li ennemi lempereeur enuoierent

1097.0 2096.0 1013.0 101.0 a lui messages del pais . ⁊ se mistrẽt

1094.0 2160.0 991.0 115.0 euls et toutes leur choses en sa

1100.0 2244.0 993.0 106.0 franchise. Et qui est ce qui doute

1091.0 2339.0 1002.0 100.0 que ce ne fust mie par la uertu

1097.0 2406.0 994.0 106.0 nr̃e seignor. qui ne uouloit mie

1094.0 2506.0 994.0 109.0 que li seinz hom alast desarme

1097.0 2579.0 1005.0 106.0 a la bataille. Et encore soit dieu

1097.0 2660.0 999.0 128.0 nr̃e peres poissanz de garder sõ ch̾r

1100.0 2760.0 993.0 101.0 entre les espees. ⁊ les armes de ses

1105.0 2841.0 988.0 109.0 anemis. Il uost que la pes fust issi

1100.0 2908.0 993.0 123.0 fete. De la se departi sẽit Martins

1094.0 2998.0 1002.0 109.0 qant il ot deguerpie sa cheual̾ie

1094.0 3079.0 999.0 106.0 Si sen ala a poitiers a .s̾. hylaire

1097.0 3162.0 988.0 90.0 qui a donc estoit euesques de la

1094.0 3241.0 983.0 106.0 cite. Et qui ml̾t estoit preudom

1091.0 3322.0 1002.0 95.0 et de seinte uie. la uint il. ⁊ si de

1094.0 3397.0 1005.0 106.0 mora ensemble o lui grant piece.

1091.0 3478.0 1011.0 128.0 Et seinz hylaires lordena a acolyte

1091.0 3567.0 1016.0 112.0 Apres ce li uint en a uision une

1094.0 3659.0 1016.0 154.0 nuit quil alast en son pais ueoir

2345.0 457.0 949.0 123.0 son pere. et samere qui encore

2347.0 541.0 966.0 103.0 estoient paien. ⁊ si les amones

2347.0 622.0 966.0 115.0 tast de foi et de religion. Dont

2356.0 703.0 944.0 114.0 prist 9gie a seint hylaire qui

2342.0 784.0 966.0 109.0 ml̾̾t a enuiz li donna. Et en la fin

2342.0 862.0 969.0 112.0 qant il uit quil entreset seruiroit

2339.0 946.0 949.0 112.0 li proia il ml̾t doucement quil

2339.0 1038.0 952.0 109.0 repairast erranment et sanz de

2334.0 1108.0 351.0 92.0 moeance.

2479 1176 821 113 Dont se mist Seint Martins

2479 1268 817 122 a la uoie tristres et dolenz.

2331.0 1367.0 966.0 95.0 pour ce quil deguerpissoit la ꝯ

2334.0 1429.0 979.0 131.0 pangnie .s̾. hylaire. Et si ꝯpaignõ

2334.0 1518.0 960.0 120.0 li distrent quil trouueroit ml̾t

2328.0 1608.0 969.0 100.0 de diuerssetez. einz quil uenist

2320.0 1686.0 971.0 109.0 en sa contree. Et il trouua biẽ

2322.0 1778.0 989.0 123.0 ⁊ esprouua a pres tiex choses. Qͣr

2317.0 1862.0 980.0 117.0 qant il uint es eles demongiu.

2325.0 1945.0 975.0 120.0 Larron et robeor qui gaitoient

2325.0 2040.0 977.0 98.0 les trespassanz li coururent sore

2322.0 2116.0 986.0 114.0 Qant il uindrent u̾s lui si hau

2320.0 2211.0 968.0 97.0 ca li uns une congniee que il

2322.0 2278.0 978.0 103.0 le uost ferir el chief. mes liau

2320.0 2370.0 963.0 103.0 tres sailli auant Si prist son ꝯ

2320.0 2445.0 960.0 123.0 paignon et sesi parmi le braz

2317.0 2537.0 971.0 103.0 ⁊ si ne lessa mie le cop descendee

2314.0 2610.0 972.0 100.0 sus le seint home . Einz li lierẽt

2317.0 2707.0 957.0 101.0 les mains derriere le dos. Si le

2311.0 2788.0 972.0 106.0 ꝯmanderent a lun deuls a gard̾

2311.0 2881.0 966.0 80.0 et a tenir . Et cil le mena en une

2308.0 2950.0 958.0 101.0 trestornee. Et puis li ꝯmenca

2317.0 3028.0 949.0 101.0 a demander qui il estoit ot de q̾l

2311.0 3112.0 977.0 98.0 creance. seint martins respon

2320.0 3188.0 946.0 103.0 di ml̾t hetieement que onq̃s

2322.0 3263.0 969.0 106.0 nauoit este tant seurs ꝯme il es

2308.0 3347.0 983.0 111.0 estot ores. Car il sauoit bien que

2322.0 3428.0 947.0 120.0 la misericorde de dieu secoroit ceꝰ

2320.0 3523.0 952.0 103.0 qui en temptacion estoient. et

2328.0 3606.0 946.0 95.0 en peinne. qant il en lui creoiẽt

2306.0 3682.0 974.0 137.0 Mes cil deuoient auoir douleur

3757.0 513.0 980.0 123.0 et doutance qui les larrecins. et les

3757.0 628.0 989.0 89.0 mauuses euures fesoient. ne en la

3760.0 697.0 972.0 120.0 misericorde de dieu nauoient fiance

3769.0 787.0 991.0 109.0 Lors conmenca au larron apre

3760.0 882.0 983.0 103.0 eschir. et a enseingnier. la parole

3771.0 957.0 952.0 81.0 de la sainte euangile. Que uos

3760.0 1046.0 969.0 87.0 conteroie plus longue parolle.

3766.0 1116.0 960.0 98.0 li lerres crut en nr̃e seigneur .

3755.0 1186.0 963.0 95.0 et fu atorne a ueraie creance.

3877.0 1270.0 838.0 117.0 ors ramena il . seint martin

3872.0 1362.0 846.0 100.0 a droite uoie. et si le conuoia

3755.0 1457.0 963.0 84.0 grant piece . et ml̾t li proia quil

3749.0 1527.0 958.0 108.0 orast pour lui a nr̾e seigneur.

3755.0 1613.0 974.0 106.0 Apres ce se departi de seint martĩ

3743.0 1694.0 980.0 98.0 Si mena ml̾t sainte uie et ml̾t

3749.0 1775.0 974.0 106.0 religieuse. Adonc sen ala Seint

3752.0 1876.0 977.0 94.0 martins toute sa uoie. Tant quil

3741.0 1945.0 980.0 104.0 ot passee la cite de melans. Et

3746.0 2046.0 997.0 92.0 donc encontra il en son chemin le

3746.0 2116.0 991.0 117.0 deable ensemblance dome. quil i de

3749.0 2202.0 974.0 103.0 manda ou il aloit. Seint martin

3752.0 2283.0 980.0 103.0 li respondi quil aloit la ou la uo

3755.0 2367.0 991.0 106.0 lente nr̃e seignor estoit. Li deables

3755.0 2442.0 966.0 104.0 li dist. En quelconques leu tu

3749.0 2534.0 980.0 104.0 iras. Ne quelconques chose.

3746.0 2621.0 986.0 92.0 que tu feras. Li deables i ert tos

3749.0 2693.0 980.0 112.0 tens en contre toi. Dont li respõdi

3749.0 2774.0 974.0 104.0 Seint martins. et si dist ce uers

3755.0 2847.0 388.0 112.0 du sautier. ¶

3752.0 3095.0 977.0 101.0 sires est mes aid̾res I eus criembrai

4232.0 3009.0 503.0 109.0 ¶ Ce est a dire nr̃e

3749.0 3162.0 980.0 109.0 chose que nul homme face. Et meĩ

3752.0 3238.0 969.0 100.0 tenant sesuanoi de deuant lui.

3760.0 3322.0 949.0 117.0 Li deables lisanz ala tant quil

3760.0 3405.0 944.0 101.0 uint a sa mere et a son pere. Si

3752.0 3481.0 955.0 120.0 les conuerti ala sainte loi et a

3752.0 3564.0 960.0 121.0 li ueraie creance. del seint bap

3743.0 3643.0 972.0 128.0 tesme. et cest desirrier auoit il eu

3741.0 3735.0 968.0 159.0 ml̾t longuement en sa penssee.

4938.0 516.0 1028.0 128.0 et plus ors autres torna il a sauuemẽt

4938.0 625.0 1011.0 109.0 de leur ames par son example. Mes

4941.0 723.0 1011.0 94.0 la mauuese secce dyrisie qui pres

4944.0 795.0 1016.0 103.0 fu espandue partout le monde. dõt

4941.0 879.0 1002.0 103.0 arrius li esconmeniez fu chies et

4938.0 968.0 1008.0 92.0 mestres. Seint martins li preu

4947.0 1058.0 1002.0 69.0 doms se combatoit tcestouz seus

4941.0 1127.0 1002.0 101.0 contre les prestres et contre les

4938.0 1200.0 1000.0 100.0 clers de cele loi par desputoison

4944.0 1295.0 1002.0 98.0 et par ueraies paroles. Tant que

4944.0 1379.0 1011.0 100.0 ala par fin le lesdengierent et le

4950.0 1454.0 1007.0 106.0 batirent de uerges et le chatierẽt

4947.0 1552.0 1005.0 95.0 hors de la cite. Dont sen repaira il

4944.0 1619.0 1002.0 100.0 en une cite en lombardie. Et la

4941.0 1711.0 1011.0 98.0 oi il nouueles de seint hylaire

4944.0 1786.0 999.0 98.0 quil auoit este ml̾t trouble par

4941.0 1873.0 994.0 114.0 les h̾eges qui la mauuese loi te

4941.0 1976.0 681.0 81.0 noient ⁊ ensiuoient.

5072.0 2046.0 863.0 95.0 Einz Martins sen reuint.

5105 2127 847 113 a donc en france et pres de la

4933.0 2213.0 1019.0 112.0 cite de poitiers fist une celle pour

4944.0 2317.0 991.0 72.0 arrester. ⁊pour mener seinte

4952.0 2384.0 1005.0 106.0 uie. Et la uint uns hom ensen

4950.0 2456.0 999.0 106.0 ble o lui. qui prinseigniez estoit.

4947.0 2551.0 1019.0 95.0 Nen auoit encore receu bauptes

4941.0 2632.0 1002.0 92.0 me. Si demora entour lui por ce

4936.0 2716.0 1010.0 92.0 quil uouloit estre enseingniez.

4936.0 2791.0 1024.0 90.0 et a pris de sa sainte doctrine. Mes

4938.0 2861.0 1025.0 112.0 il ni ot mie este lonctans qant

4950.0 2959.0 1010.0 83.0 une langueur le prist. et fieures

4933.0 3037.0 1024.0 84.0 qui ml̾t le traueillierent. Et adc̃

4930.0 3109.0 1008.0 95.0 sestoit de la seint martins de

4941.0 3202.0 997.0 83.0 partiz. et i ert alez anoncier.

4927.0 3274.0 1008.0 89.0 et preeschier la loi nr̃e seigneur

4927.0 3355.0 997.0 87.0 aus genz qui nestoient mie fer

4930.0 3436.0 997.0 87.0 mement creant. Et qant uint

4927.0 3517.0 997.0 103.0 au tierz ior et il fu repairiez. Il

4924.0 3590.0 1008.0 103.0 trouua le cors de celui mort. Si i ert

4916.0 3679.0 1011.0 92.0 si soudoinnement morz quil nauoit

4922.0 3768.0 996.0 131.0 pas receu bauptesme. Li cors estoit
