2953 4143
702.0 379.0 981.0 141.0 penser de fere pechiez. donc di ie que ue

697.0 492.0 1000.0 113.0 neours sen uont en ꝑadis quãt mue

697.0 580.0 949.0 110.0 rent. et uiuent en cest monde plus

686.0 667.0 983.0 101.0 ioyeusement que nulle autre gent.

691.0 750.0 995.0 108.0 Encore te uueill ie ꝓuer que ueneo᷑s

695.0 842.0 979.0 99.0 uiuent plus longuement que nulle

691.0 922.0 990.0 104.0 autre gent. Quar cõme dist ypocras

693.0 1015.0 963.0 101.0 plus occit replection de uiandes que

695.0 1097.0 951.0 99.0 ne fet glaiues ne coutiaux. et cõme

691.0 1178.0 949.0 106.0 ilz boyuent et mẽuient moins que

688.0 1275.0 984.0 106.0 gent du monde. Quar a matin a la

686.0 1357.0 990.0 109.0 semblee ilz ne mangeront que un pou

684.0 1440.0 958.0 111.0 Et si au uespre ilz soupent bien au

688.0 1532.0 1005.0 90.0 moins aront il a matin corrigie leur

688.0 1622.0 954.0 90.0 nature quar ilz aront pou mengie

686.0 1694.0 970.0 98.0 et nature ne sera point empeschie de

684.0 1772.0 969.0 108.0 fere sa digestion par quoy males hu

691.0 1852.0 992.0 115.0 mours ne suꝑfluites se puissent engẽ

686.0 1942.0 963.0 104.0 drer. Et tu uois quant un hõme est

688.0 2030.0 965.0 103.0 malade que on le met en diete. et ne

684.0 2115.0 997.0 106.0 li dõneront que de lyaue de sucre et de

686.0 2204.0 974.0 111.0 tieulx choses deux ou trois iours ou

686.0 2308.0 960.0 90.0 plus pour abaissier ses humours et

684.0 2396.0 969.0 87.0 ses suꝑfluites. Et encore en oultre le

679.0 2467.0 974.0 108.0 feront il uuidier. et au ueneour il ne

681.0 2550.0 963.0 124.0 faut pas fere cela. quar il ne puet a

684.0 2658.0 979.0 115.0 uoir replection par le petit mengier.

679.0 2736.0 972.0 124.0 et par le trauaill quil ha. Et supose

677.0 2835.0 976.0 108.0 ce que ne puet estre que fust ore bien

677.0 2913.0 995.0 115.0 plain de mauueses humours. scet on

677.0 3001.0 956.0 124.0 que le plus grant t̾me de maladie qͥ

674.0 3091.0 986.0 115.0 puisse estre cest suour. Et cõme les ue

677.0 3178.0 949.0 157.0 neurs si font leur office a cheual ou

1798.0 382.0 991.0 131.0 apie cõuient quilz suent. dont cõuient

1798.0 494.0 966.0 111.0 que en la suour sen aille sil y a rien de

1801.0 593.0 963.0 104.0 mal. mes que on se garde de pnͣdre fret

1798.0 674.0 982.0 108.0 quant il sera chaut. Si me samble que

1801.0 759.0 983.0 106.0 i ay asses ꝓue. quar petit mengier font

1798.0 851.0 982.0 97.0 les mires aux malades pour garir. et su

1794.0 920.0 958.0 113.0 er pour at̾miner et garir du tout. Et

1792.0 1024.0 974.0 101.0 cõme les ueneurs mẽuient petit et su

1796.0 1114.0 979.0 92.0 ent touz iours doyuent il uiure lõgue

1794.0 1192.0 979.0 103.0 ment et sains. Et on desire en cest mõ

1789.0 1284.0 998.0 101.0 de a uiure longuement et sain ⁊ en ioye

1789.0 1357.0 961.0 113.0 et apres la fin la saluation de lame. et

1792.0 1450.0 997.0 101.0 ueneurs ont tout cela. donc soyes touz

1792.0 1542.0 983.0 105.0 ueneurs et feres que sages. Et pour ce

1789.0 1618.0 979.0 103.0 ie loe et conseille a toutes manieres de

1785.0 1705.0 962.0 106.0 gens de quel que estat quilz soyent qͥl

1789.0 1783.0 1005.0 99.0 ayment les chiens et les chasses ⁊ dedius

1787.0 1864.0 972.0 110.0 ou dune beste ou dautre. ou doysiaux.

1787.0 1951.0 981.0 111.0 quar destre ocieux sanz amer deduiz de

1782.0 2043.0 956.0 102.0 chiens ou doysiaux onques se mait

1785.0 2129.0 958.0 122.0 dieux nen ui ꝓudõme pour quant q̃

1787.0 2218.0 993.0 125.0 fust riches. quar ce ꝑt de treslasche cuer

1785.0 2322.0 972.0 94.0 quant on ne uuelt trauaillier. et se il

1787.0 2400.0 984.0 99.0 auoit besoing ou guerres il ne sauroit

1782.0 2497.0 961.0 94.0 que ce seroit. quar il na pas acoustu

1780.0 2570.0 963.0 116.0 me le trauaill. et cõuendroit que au

1778.0 2658.0 963.0 120.0 tre feist ce quil deust fere. quar on dit

1778.0 2768.0 946.0 102.0 touz iours. tant uaut seigneur tant

1780.0 2847.0 963.0 115.0 uaut sa gent et sa terre. Et aussi di ie

1778.0 2936.0 942.0 113.0 que onques ne ui hõme qui amast

1778.0 3017.0 958.0 120.0 trauaill et deduit de chiens ou doysi

1778.0 3118.0 995.0 108.0 aux qui neust moult de bõnes coustu

1778.0 3210.0 951.0 141.0 mes en soy. quar celi uient de droite
