2934 4115
699.0 338.0 931.0 148.0 ha asses a fere ⁊ ymaginer de se leuer

697.0 461.0 976.0 103.0 matin et de bien fere son office sens pen

695.0 550.0 988.0 108.0 ser a autres pechies ne mauuesties. Et

699.0 637.0 972.0 99.0 a matin a laube du iour il faut qͥl soit

699.0 720.0 947.0 98.0 leue et quil aille en sa queste bien ⁊ di

695.0 802.0 997.0 117.0 ligẽtinent. einsi que ie diray plus aplaĩ

695.0 893.0 983.0 119.0 quant ie parleray cõme len doit quester.

695.0 996.0 974.0 96.0 Et en ce faisant il ne sera point ocieux. qͣr

695.0 1090.0 953.0 82.0 touz iours est en euure. Et quant il sera

699.0 1163.0 949.0 92.0 retourne a lasemblee. encore a il plus a

692.0 1243.0 965.0 96.0 fere de fere sa suyte. et de lessier courre sans

692.0 1328.0 945.0 112.0 quil nest point ocieux ne le conuient a

690.0 1410.0 940.0 103.0 ymaginer fors que a fere son office. Et

690.0 1504.0 942.0 91.0 quant il a lessie courre. encore est moins

690.0 1586.0 938.0 96.0 ocieux ⁊ doit moins ymaginer en nuls

692.0 1662.0 954.0 107.0 pechies ne mauuesties. quar il a asses a

692.0 1746.0 945.0 98.0 fere de cheuauchier auec ses chiens. ⁊ b̃n

690.0 1835.0 951.0 108.0 les acompaigner. de b̾n huer ⁊ de b̃n corũ

690.0 1920.0 961.0 100.0 et de regarder de quoy il chasse. et de qͥeulx

688.0 2007.0 956.0 103.0 chiens. de b̃n requerir et redresser son serf

690.0 2100.0 961.0 110.0 quant chiens lont failli. Et ap̾s quant

690.0 2194.0 945.0 92.0 le cerf est pris encore est il moins ocieux

690.0 2281.0 945.0 96.0 ⁊ moins mal pensant doit estre. quar il

688.0 2361.0 963.0 96.0 a asses a fere ⁊ a penser de b̃n escorchier le

683.0 2443.0 984.0 106.0 cerf et de le b̃n deffere et leuer les drois quil

688.0 2537.0 960.0 112.0 aꝑtient et de b̃n fere la cuiree. ⁊ de regar

683.0 2626.0 977.0 112.0 der quant chiens li faillent de cieulx qui

681.0 2711.0 981.0 110.0 ont este amenez le matin au bois. et deles

681.0 2805.0 970.0 107.0 aler querir. Et quant il est a lostel. enco

681.0 2891.0 972.0 119.0 re est il moins ocieus ⁊ moins mal pen

674.0 2976.0 940.0 123.0 sant doit estre. quar il a asses a fere de

672.0 3072.0 967.0 121.0 penser de son per et de say aisier. suy et ses

670.0 3161.0 953.0 160.0 cheuaux. de dormir ⁊ de reposer pour ce

1799.0 352.0 1002.0 141.0 quil est las. de soy ressuyer ou de la rou

1795.0 468.0 960.0 119.0 see du boys ou pour auenture de ce qͥl

1799.0 564.0 990.0 119.0 aura pleu. Einsi di ie que tout le tẽps

1797.0 653.0 960.0 101.0 du ueneour est sans ocieusete ⁊ sans

1797.0 738.0 972.0 112.0 mauuaises ymaginations ⁊ pense

1799.0 811.0 965.0 108.0 mens. Et puis quil est sans ocieuse

1797.0 898.0 960.0 103.0 te ⁊ sans mauuaises ymaginations

1797.0 980.0 986.0 121.0 il est sanz males euures de pechie. Qrͣ

1795.0 1076.0 958.0 105.0 cõme iay dit ocieusete est fondement

1790.0 1163.0 956.0 112.0 de touz mauuais uices et de pechies.

1792.0 1255.0 993.0 96.0 Et ueneour ne puet estre ocieux sil uuelt

1790.0 1335.0 963.0 102.0 fere le droit de son office. ne aussi auoir

1797.0 1421.0 963.0 103.0 autres ymaginations. quar il a assez

1795.0 1504.0 946.0 112.0 a fere et ymaginer ⁊ penser en fere son

1790.0 1593.0 958.0 103.0 office qui nest pas petite charge qui b̃n

1788.0 1671.0 949.0 107.0 et diligentment le uuelt fere. espiciau

1792.0 1760.0 988.0 105.0 ment ceulx qui ayment b̃n les chiens

1788.0 1847.0 953.0 112.0 et leur office. Donc di ie que puis que

1792.0 1934.0 943.0 100.0 ueneour nest ocieux il ne puet auoir

1788.0 2020.0 942.0 110.0 males ymaginations. et sil na ma

1788.0 2105.0 924.0 114.0 les ymaginations.il ne puet fere

1790.0 2192.0 965.0 119.0 males euures. quar limagination

1788.0 2279.0 988.0 109.0 ua deuant. Et sil ne fet males euures

1788.0 2363.0 974.0 110.0 il faut quil sen aille tout droit en para

1781.0 2464.0 988.0 110.0 dis. Par moult dautres raysons qui

1781.0 2549.0 960.0 112.0 seroyent bien longues prouueroye ie

1779.0 2640.0 976.0 105.0 b̃n ceci. mes il me suffist. quar chescun

1776.0 2729.0 965.0 110.0 qui a bõne rayson scet b̾n que ie men

1774.0 2830.0 999.0 107.0 uois par mi le uoir. Ore te ꝓueray cõe

1770.0 2910.0 960.0 112.0 ueneours uiuent en cest monde plꝰ

1774.0 3003.0 963.0 108.0 ioyeusement que autre gent. Quar

1772.0 3093.0 960.0 96.0 quant le ueneour se lieue au matin

1774.0 3177.0 972.0 140.0 il uoit la tres douce et belle matinee. et
