3658 5422
156 469 1190 157 ⁊ ne tira ne pie ne main

147 575 1211 172 E dix iai mort le secͤtain

162 719 1353 157 Le pecie nert ia espani

156 840 1308 160 Uoles uꝰ corpus domini

171 960 1338 172 Biax dox conpaĩs ꝑles a moi

141 1081 1251 157 Cil ne li dist ne cou ne qͦi

149 1201 1347 186 Dix cõ ma ẽcõbre pecies

149 1319 1306 176 Or sui iou de murdre ẽtecies

144 1445 1248 154 Ke ferai las se cest seu

141 1560 1326 153 Tout mi  ꝯpaignon ont ueu

138 1674 1266 166 Kiez matĩ desmẽtĩs luns lautͤ

138 1786 1266 162 Or sui iou ceus en mal fautͤ

138 1924 1148 157 Ke mais messe ne cãterai

147 2051 1220 156 Mais ꝑ lordre diu si ferai

140 2137 1365 203 Ancois mẽ cuit aidier mlt̾ bñ

144 2295 1130 147 Or i ꝑra se ie sai rien

144 2394 1196 160 Le moine ẽ q̃rqͣ a son col

132 2503 1293 171 Anq̃nuit t̾uuera plus fol

144 2638 1118 169 Sa tͤspassee la riuiere

150 2753 1254 177 Sa pẽsee est ẽ tel maniere

147 2879 1142 160 ⁊ dist q̃ il le laisseroit

159 2997 1218 168 A luis de celi qͥl sauoit

225 3111 1206 169 Ki est plus bele ⁊ pl̾ cortoise

129 3235 1067 162 ⁊ ce fu icele borgoise

171 3352 1221 166 ꝑ cui li sec ͤtaĩs fu mors

159 3470 1130 162 A cel uis aporta le cors

153 3596 1311 166 Tout ẽ estãt ⁊ puis sẽ torne

144 3720 1335 129 A ciere mlt̾ dolant ⁊ morne

141 3843 1139 148 E n labeie en est est uenꝰ

144 3942 1305 148 E n son lit est couchis tꝰ nus

144 4054 1245 151 ⁊ li borgois gist ẽ sa cãbre

153 4156 1302 151 Tͤstout li uõt tͣnlant li mẽb ͤ

150 4280 1154 157 Li eff ͦis le fait esuellier

135 4385 1127 157 Sa apelee sa moullier

138 4506 1003 144 ⁊ si len a a raison mise

150 4617 1338 148 Dame baillies moi ma cemise

153 4735 1190 156 S irai la hors ẽ mi la rue

1575 433 1338 172 N e sai q̃l cose mest uenue

1566 557 1314 156 Au cuer si mẽ irai la hors

1530 698 1371 160 Sire dix me gart ur̃e cors

1575 822 1317 156 Fait la dame ꝑ sa doucour

1560 936 1178 166 Cil se lieue qͥ en esrour

1545 1060 1281 168 Estoit. si a luis deffreme

1528 1183 1284 167 Mais ancois qͥ lait desserre

1554 1331 1341 123 Li ciet li moines a ses pies

1566 1439 1290 148 Dame dist il aidies aidies

1702 1557 1199 138 uãt la dame oi son mari

1678 1677 1235 142 cele ꝑt uĩt a cuer mari

1566 1795 1290 141 ⁊ dest sire aues uꝰ essoine

1572 1915 1350 142 Oie dame ues ci le moine

1569 2036 1411 159 A peu ne ne ma iete du sens

1541 2150 1352 167 Si mait dix ie cuit ⁊ pẽs

1572 2277 1350 159 K il est uenꝰ ses deniers q̃re

1563 2406 1263 145 Mais sil estoit ficies ẽ t̾re

1575 2524 1359 141 Ie cuit qͥl nẽ istrait iamais

1575 2632 1323 154 Aut̾mẽt narõs nꝰ ia pais

1560 2762 1181 132 A idies moi si se porterai

1593 2870 1299 151 Ie sai biẽ u ie lenfourai

1578 2991 1197 159 Le moine ẽq̃rq̃ si sẽ ua

1578 3111 1456 157 Ta̾t q̃ .i. gnͣt fumier tͣͦuua

1590 3238 1302 153 De porreture ⁊ destrain

1590 3361 1260 121 Iluec metͣ le secretain

1572 3473 1317 144 En ce fumier ot .i. bacon

1578 3599 1386 148 Kenble auoiẽt .iii. larron

1572 3726 1290 132 Si lauoient iluec mucie

1584 3837 1299 148 Li borgois a tant reu̾cie

1578 3952 1227 147 Kil est au bacon asenes

1572 4054 1218 157 A peu ke il nest forsenes

1590 4159 1266 157 Bien cuida q̃ diable fust

1581 4265 1266 165 Ki du sens ieter le deust

1572 4388 1302 160 Tous esbahis fu q̃ ce soit

1557 4494 1350 159 G ͣnt il uit q̃ bacõs estoit

1575 4620 1444 154 Hors lẽ a trait a gnͣt essoine

1539 4750 1380 171 ⁊ puis i enfoui le moine
