3721 5375
533 367 1354 188 Tout maĩtenãt li eust fait

511 506 1376 179 Q ͣnt li borgois saut de lagai ͭ

513 656 1326 153 Le mache tĩt a ses .ii. maĩs

513 770 1290 173 ⁊ dist ꝑ mõ cief secͤtaĩs

525 895 1257 168 U enꝰ estes a uostre ior

515 1012 1403 166 Li moines saut se li cort sor

543 1146 1299 164 Si le pͤnt ꝑ le ceuecaille

510 1266 1234 161 ⁊ tel caup sor le col li baille

525 1388 1305 155 Ke li borgois cuide est ͤ mors

516 1507 1257 138 Mais il saut se li est estors

513 1609 1254 176 Ke dire ⁊ dãgousce fu plaĩs

519 1749 1332 150 Le mache lieue a ses .ii. maĩs

513 1860 1320 164 Tel cop sor le teste li doune

519 1982 1314 168 Ke toute esmie la couroune

519 2117 1186 149 Se q̃ tox li c̾uiax espant

513 2227 1290 135 Li moines p᷑ le mort sestent

677 2344 1102 137 ⁊uat la dame uoit cele cose

659 2460 1153 149 des explore mais c̾er nose

513 2580 1141 164 ⁊ dist ẽ bas lasse caitiue

519 2705 1281 164 Grãs pecies est q̃ se sui uiue

528 2830 1186 159 ⁊ qͥ marme remaĩt u cors

529 2933 1367 180 Ke ꝑ moi est cis moines mors

528 3057 1254 159 Or serai iou plus q̃ hounie

546 3180 1227 140 Dame dist il ne doutes mie

531 3296 1135 155 Ke uꝰ nẽ seres ia blasmee

528 3419 1266 170 Mais or soit la ca̾bre f ͤmee

528 3553 1111 137 Ensi remest a ceste fois

543 3657 1108 159 Or oes q̃ fist li borgois

558 3783 1114 134 Il atẽdi ꝑ gnͣt uoisdie

540 3887 1302 144 Ke la gens fu toute ẽdormie

531 3992 1296 146 ⁊ tout couchie ꝑmi la uile

552 4087 1308 174 Lors se pẽsa dune gnͣt Gile

540 4222 1254 149 Aĩc nꝰ hon tele ne tͦuua

546 4332 1126 156 Le moine ẽ q̾rqͤ si sẽ ua

534 4452 1224 146 Tout coiemẽt u̾s labeie

537 4568 1260 144 Mais le portiez napela mie

528 4679 1224 182 Uenꝰ est as cãbres pͥuees

1945 367 1359 210 Ki sor liaue estoient f ͤmees

1945 528 1341 161 A .i. des ꝑtruis est uenus

1944 662 1329 162 Ensaent met le moine ius

1962 794 1296 158 Puis a pͥs .i. torcon de fain

1929 907 1326 156 ⁊ se li a mis ẽ la maĩ

1959 1021 1318 165 Bien lapoia tout enuiron

1962 1158 1287 158 Puis li uesti son caperon

1959 1284 1221 137 Le moine laise ẽ tel maniere

1962 1388 1209 152 Puis uĩt ẽ son ostel ariere

1932 1507 1134 141 ⁊ dist dame soiies ẽ pais

1932 1618 1341 179 Seur somes ne ploures mais

1947 1755 1320 156 Ce ne puet mais nꝰ hom sauoir

1944 1863 1302 155 Couchõs nꝰ se ferons sauoir

2078 1985 1009 156 tãt se uõt couc̾ ensanle

2093 2078 991 188 ⁊ li sec ͤtains ce me sanle

1941 2233 1146 152 Ne se puet muer ne crouler

1929 2347 1140 155 Mais le pͥeus couuint aler

1941 2466 1239 158 Maugͤ sien q̃ mal ot u uẽtre

1944 2600 1278 135 Tout droit ẽ la pͥuee ẽ entre

1959 2702 848 155 U li secͤtaĩs fu assis

1953 2806 1093 171 Li pͥeus cuide q̃ soit uis

2003 2938 1009 170 Si sest assis a .i. ꝑtruis

1953 3057 1290 168 En gnͣt piece ne se mot puis

1956 3189 1191 161 ⁊ tenoit .i. cierge ẽ se maĩ

1968 3308 1021 152 Sa couneu le secͤtain

1950 3425 1093 164 E ndormis cuid̾e q̃ il soit

1914 3547 1069 155 ⁊ dist li pͥeus ce q̃ doit

1965 3678 1149 147 Q̃ ci dormes ẽ tel maniere

1970 3792 1192 137 Tornes ẽ uostͤ lit arriere

1968 3899 1290 144 Cil ne dist mot ne tãt ne qͣnt

1950 3995 1090 146 ⁊ li pͥeus leua boutant

1965 4111 1104 141 Un petit le cuide asener

1950 4219 1167 155 Cix ciet sor le pie du pilex

1950 4332 1030 159 Se q̃ la teste uĩt desos

1953 4434 1161 164 Aĩs d̾e sa bouce nisci mos

1959 4568 1155 153 Li pͥeus la leue amont

1929 4682 1266 179 ⁊ li uoit de pecie le front
