6860 4914
1037.0 554.0 888.0 150.0 euesq̃ en pluseurs lieus. ⁊ q̃lle ci

1040.0 674.0 877.0 101.0 te fust ce qui ne conuoitast a a

1043.0 745.0 876.0 120.0 uoir euesq̃ des clers mõseign᷑

1043.0 829.0 904.0 112.0 s̾.m. mien escient q̃ ce ne fust ne

1040.0 914.0 888.0 115.0 cite ne eglise qui eust talent de

1043.0 1004.0 893.0 101.0 bien faire. Telle uie ꝯme meno

1043.0 1083.0 882.0 101.0 ient cil qui auec .s̾.m. estoient

1043.0 1149.0 895.0 125.0 faisoit ml̾t a prisier. ¶ Et qnͣt

1045.0 1233.0 896.0 121.0 li sires qui les autres doit gouu̾

1043.0 1332.0 885.0 103.0 ner nentent fors a mal faire.

1037.0 1411.0 921.0 112.0 li autre sauoient ꝑ autel manie

1043.0 1504.0 898.0 101.0 re a tele euure. ¶ Ce peut on re

1040.0 1577.0 912.0 112.0 oir souuent que ꝑ les seigneur ᷤᷤ

1043.0 1665.0 895.0 104.0 qui poeste ont ⁊ seignorie empi

1037.0 1741.0 918.0 115.0 re toꝰ li siecles. qrͣ chascũ ueult

1037.0 1818.0 888.0 117.0 maiz tout auoir. ¶ A ce ne pen

1043.0 1913.0 904.0 109.0 soient mie li desciple .s̾.m. ainz

1040.0 1995.0 909.0 98.0 cremoient la mort. p᷑ ce souffro

1040.0 2077.0 918.0 104.0 ient il en cest siecle les gnͣs peĩ

1045.0 2178.0 880.0 85.0 nes quil peussent ap̾s auoir

1045.0 2244.0 896.0 109.0 la glorieuse uie qui toꝰ temps

1051.0 2331.0 898.0 117.0 durera. ⁊ ce estoit ꝑ lexample

1048.0 2426.0 880.0 93.0 de .s̾. Martin. ¶ Pour ce que

1045.0 2489.0 929.0 115.0 ie uoꝰ uueil racont̾ les miracle ᷤᷤ

1051.0 2574.0 882.0 101.0 que .s̾.m. fist en son eschie.

1051.0 2650.0 896.0 107.0 si uoꝰ dirai ꝯment il destruist

1054.0 2743.0 874.0 96.0 le moustier ou maĩtes foles

1062.0 2822.0 882.0 112.0 gens faisoient leur oroisõs

1054.0 2912.0 904.0 121.0 ⁊ y auoient leur creance. ¶ Ci

1070.0 3005.0 882.0 107.0 ꝯmencent li miracle .s̾. martĩ.

1313.0 3090.0 617.0 98.0 Res de la cite de tours

1308.0 3155.0 625.0 112.0 auoit .i. lieu que on

1297.0 3256.0 652.0 96.0 appelloit calidoine. la

1035.0 3325.0 920.0 122.0 auoient fait .i. moustier cil de

1056.0 3428.0 872.0 99.0 la contree ⁊ i uenoient orer. ⁊

1070.0 3505.0 849.0 104.0 faire leur offrendes ml̾t uo

1065.0 3573.0 884.0 139.0 lentiers. p᷑ ce qͥl y auoit une tõ

2149.0 567.0 966.0 134.0 be dum hõme qui illec estoit en.

2149.0 671.0 928.0 107.0 fouis si y auoient ueu maĩte

2154.0 753.0 967.0 101.0 foiz lumieres ⁊ clarte si cuidoiẽt

2151.0 835.0 932.0 106.0 qil fust martirs ⁊ qͥl en y eust

2160.0 925.0 914.0 101.0 pluseurs autres. ⁊ li euesque

2154.0 1010.0 964.0 98.0 qui deuant .s̾.m. auoient este en

2154.0 1083.0 967.0 110.0 la cite y auoient fait faire .i. autel

2116.0 1154.0 999.0 123.0 ¶ Mes .s̾.m. qͥ uoloit sauoir c̾tãine

2151.0 1258.0 962.0 85.0 ment la chose manda les anciens

2162.0 1326.0 992.0 115.0 p̾stres de la contree. ⁊ les clers si leur.

2154.0 1408.0 959.0 118.0 demanda ꝯment cis martirs qͥ la

2157.0 1496.0 939.0 114.0 estoit aorez auoit nõ. ⁊ enq̃l tẽps

2154.0 1586.0 948.0 95.0 il auoit receu martire. mes chas

2154.0 1657.0 964.0 120.0 cun dist quil nẽ sauoit rien. ¶ Qnͣt

2154.0 1741.0 948.0 115.0 ce oi .s̾.m. il se retraist arriere. et

2160.0 1823.0 961.0 118.0 ne blasma mie la religion du lieu

2160.0 1905.0 947.0 123.0 p᷑ ce cil ni ert mie encore bien c̾tais

2157.0 2001.0 931.0 101.0 ne ni mist auctorite de si a tant q̃

2151.0 2082.0 970.0 110.0 uint au ior quil reuĩt tout pͥueem̃t

2146.0 2170.0 969.0 95.0 auec lui aucuns de ses freres. qnͣt

2157.0 2238.0 969.0 123.0 il fu uenꝰ. il se coucha sus la sepultu

2157.0 2342.0 942.0 106.0 re ou on auoit maĩte chandoile a

2154.0 2413.0 953.0 112.0 lumee en lõnor de celui qui la es

2165.0 2508.0 953.0 101.0 toit enfouis. si ꝯm̃ca a faire soroi

2151.0 2579.0 962.0 101.0 son adieu ⁊ a dire quil li demõstra

2165.0 2675.0 940.0 93.0 st ꝑ sa mus̾icorde qui cil estoit qui

2165.0 2746.0 945.0 101.0 illeques gesoit ⁊ de quel m̾ite. a dõc

2162.0 2836.0 948.0 109.0 se regarda deuers destre senestre si

2165.0 2910.0 937.0 112.0 uit lombre dũ hõme iouste lui es

2171.0 2989.0 931.0 120.0 ter lait ⁊ hydeus ¶ Qnͣt .s̾.m. le

2165.0 3079.0 934.0 106.0 uit. il li ꝯmanda de ꝑ dieu qͥl li de

2162.0 3169.0 951.0 107.0 ist son nõ. ⁊ de quel m̾ite il estoit

2105.0 3240.0 1016.0 120.0 ¶ Cil ꝑla ⁊ dist ꝯment il fu appellez

2160.0 3349.0 939.0 101.0 ⁊ li dist quil auoit este lerres. ne

2171.0 3423.0 914.0 106.0 auec les martirs nauoit il nll̾e

2168.0 3499.0 934.0 107.0 ꝯmunite en ꝑmanable glore. si

2176.0 3595.0 948.0 158.0 fu il mors ꝑ dolereuse paine. Cil

3604.0 529.0 951.0 164.0 qui enuiron .s̾.m. estoient oirent

3612.0 652.0 959.0 112.0 celui ꝑler. mes il nel ueoient mie

3612.0 748.0 932.0 101.0 dont se deꝑti cil de deuant .s̾.m. fi

3615.0 810.0 931.0 107.0 sesuanoy. ⁊ .s̾.m. ꝯta a ses freres

3612.0 898.0 932.0 112.0 ⁊ a ses gens qui auec lui estoiẽt

3615.0 977.0 972.0 117.0 ce quil auoit ueu. ⁊ lors fist lautel

3618.0 1070.0 953.0 112.0 depecier. ainsĩt osta il les gens de

3621.0 1138.0 925.0 128.0 celle folle erreur. ¶ ap̃s ce ml̾t:

3623.0 1233.0 948.0 112.0 peu de temps si uint si ꝯme il aloit

3626.0 1310.0 961.0 117.0 touce une uoie. quil encõtra lecor ᷤᷤ

3626.0 1395.0 937.0 114.0 dun paien que on portoit enfoir

3626.0 1485.0 964.0 112.0 ⁊ cil qui auec le cors estoient deme

3629.0 1564.0 928.0 106.0 noient gnͣt duel. il sarresta qͥl ne

3629.0 1651.0 926.0 104.0 sauoit q̃ ce pooit estre. ⁊ qnͣt il se

3632.0 1741.0 920.0 96.0 fu arrestez il ne pooit ꝯnoistre q̃

3637.0 1820.0 948.0 107.0 cestoit. li uens sousleua les dras

3640.0 1911.0 934.0 111.0 qͥ seur le cors estoient. si uit la ⟦m⟧

3637.0 1990.0 953.0 103.0 main de celui qui mort gesoit. a dõt

3637.0 2063.0 942.0 131.0 cuida il que ce fust autre chose. qrͣ

3634.0 2164.0 948.0 99.0 il cuida que ce fussent li paien qui

3637.0 2238.0 937.0 117.0 feissent leur cõstume tele ꝯme il

3645.0 2339.0 948.0 93.0 souloiẽt faire. qrͣ adont estoit cou

3640.0 2421.0 934.0 106.0 stume en france. q̃ li uilain de la ꝯ

3643.0 2511.0 931.0 107.0 tree p̾uoient les ymages de leur

3643.0 2593.0 964.0 104.0 dyables quil aoroient. si les couuro

3645.0 2678.0 953.0 95.0 ient de blans dras. ⁊ les ꝯportoiẽt

3651.0 2757.0 934.0 93.0 enuiron les champs. ⁊ ce cuidoit

3645.0 2836.0 956.0 90.0 .S̾.M. que il feissent. a donc leur

3651.0 2915.0 942.0 120.0 fist a lencontre le signe de la croiz

3653.0 3008.0 959.0 123.0 si leur ꝯmãda quil ne se meussẽt

3653.0 3098.0 959.0 98.0 ⁊ quil meissent a t̾re ce quil porto

3662.0 3177.0 925.0 112.0 ient. lors sarrest̾ent qͣr il ne po

3664.0 3270.0 932.0 101.0 rent auant aler. si mirret ius le

3664.0 3341.0 951.0 104.0 cors. ⁊ qnͣt .s̾.m. sot que cestoit .i.

3662.0 3423.0 945.0 98.0 cors. il leua sa main si leur dõna

3670.0 3505.0 937.0 123.0 poeste daler leur uoie. ¶ Ap̾s ce

3659.0 3600.0 958.0 142.0 auint .i. ior q̃ .s̾.m. fist depecier .i.

4773.0 505.0 888.0 155.0 ancien temple ou li paien faiso

4779.0 644.0 901.0 104.0 ient sacrefices a leur diex. qͣr en

4776.0 723.0 874.0 115.0 core ai cel temps estoit ml̾t de

4762.0 799.0 904.0 112.0 mescreans ⁊ de sarrazins. Qnͣt il

4779.0 876.0 876.0 106.0 ot le temple depecie ou il auoiẽt

4784.0 960.0 882.0 112.0 ore. il ꝯm̃ca a trenchier .i. ml̾t.

4787.0 1045.0 874.0 115.0 bel pin haut ⁊ droit qͥ deuãt le

4789.0 1127.0 893.0 112.0 tẽple estoit. Dõt uinrent li p̃stre

4789.0 1203.0 880.0 123.0 des ydoles ⁊ li paien qͥ la estoiẽt

4789.0 1274.0 888.0 134.0 si li ꝯm̃cierent larbre a defẽdre

4792.0 1373.0 910.0 117.0 quil nel trẽchast abastist du tont

4792.0 1455.0 893.0 95.0 li eussent il ꝑ la uolente de dieu

4795.0 1536.0 879.0 121.0 le temple aidie a depecier. si ne

4798.0 1629.0 909.0 112.0 uouloient il mie larbre souffrir

4800.0 1708.0 880.0 126.0 a abatre. qrͣ il cuidoient q̃ leur.

4800.0 1801.0 896.0 112.0 dieu qͥl aoroient eussent larbre

4809.0 1867.0 865.0 125.0 sacre ⁊ benei. ⁊ quil lamassent

4798.0 1946.0 909.0 131.0 ⁊ hõnorassent. ¶ Qnͣt .s̾.m. uit

4806.0 2039.0 885.0 136.0 que il li defendoient en tel ma

4809.0 2123.0 890.0 112.0 niere. il leur ꝯm̃ca a monstrer

4803.0 2197.0 931.0 148.0 ⁊ a ensaĩgnier q̃ li arbres nauoit

4814.0 2315.0 893.0 120.0 pontt de saintee ne de religion.

4820.0 2405.0 898.0 114.0 ne que on ne le deuoit aorer ne

4822.0 2492.0 888.0 115.0 en lui croire. ainz deuoient tuit

4830.0 2568.0 861.0 112.0 croire en ihũ crist. ⁊ lui aorer. ⁊

4830.0 2645.0 863.0 117.0 ensuiure ꝑ bõnes euures. si cõ

4825.0 2738.0 898.0 114.0 me en celui qui deuoient auoit

4825.0 2820.0 888.0 120.0 fait toutes choses. ⁊ si leur dist

4830.0 2893.0 899.0 131.0 que cel arbre ꝯuenoit il abat ͤ

4830.0 2992.0 904.0 117.0 qrͣ il escoit sacrez ⁊ beneis au dy

4830.0 3060.0 891.0 134.0 able. ⁊ p᷑ faire plaĩnemẽt les

4836.0 3153.0 868.0 125.0 euures qui a lui aꝑptiẽnent

4787.0 3224.0 953.0 131.0 ¶ Dont uint auant .i. de plus har

4833.0 3330.0 904.0 112.0 dis ce toꝰ ceus qui la estoient si

4836.0 3401.0 879.0 115.0 pla a.s̾.m. ⁊ li dist. Se tu as. si

4841.0 3502.0 863.0 101.0 gnͣt fiance ꝯme tu dis en cel.

4833.0 3576.0 882.0 142.0 dieu q̃ tu aores. noꝰ meesmes
