7458 5535
1223 544 78 203 A

1648.0 593.0 1802.0 169.0 U tres hault tres puissant et tres christien

1629.0 713.0 1972.0 181.0 Roy de france. Charles huitiesme de ce nom

1648.0 833.0 1965.0 160.0 Son souuerain seigneur et naturel. Symon

1626.0 934.0 1938.0 182.0 De phares son humble ‸astrologues et obeissant subiect

1645.0 1063.0 1977.0 170.0 et s̾uiteur humble Recõmãdation Pource q̃

1180.0 1171.0 2470.0 157.0 aucuns detracteurs ignorãs Et par ce ennemis de la

1205.0 1282.0 2411.0 138.0 science de astrologie ⟦⟧ ont sedicieusem̃t uoulu arguez

1140 1399 2464 153 De supersticion ⟦ou⟧ mes ‸ liures ‸ Et q̃ Iay congneu que

1989 1379 410 73 ou aucuns mes

2552 1379 346 101 toutesfois

2870 1379 872 133 purement traitent ⟦⟧‸de la science de as

1196.0 1503.0 2479.0 151.0 par ignorer. la grande differance, Qui est entre lad̾

1168.0 1605.0 2461.0 153.0 uraye science de astrologie Et les ars diuinatoires ⁊

1186 1711 2584 175 suꝑsticieux Uenoient plus̾ grans et ennormes abbuz ou Rỹ

1174.0 1832.0 2399.0 142.0 Iay uoulu employer mon petit entendem̃t A uous

1174.0 1952.0 2405.0 148.0 faire ce present elucidaire Pour uous monstrez ⁊

1150.0 2072.0 2466.0 148.0 donner cleremẽt a congnoistre, Cõment astrologie

1187.0 2174.0 2445.0 156.0 est uraye science. lune des sept ars liberaulx, A prise

1193.0 2290.0 2408.0 166.0 scene et pratiquee. Par plus̾ ᷑ sains prĩarches

1190.0 2410.0 2460.0 160.0 prophetes Papes Cardinaulx; Arceuesques Euesques

1177.0 2533.0 2452.0 154.0 Empereurs; Roys ducz Contes Et plusieurs autres

1193.0 2635.0 2432.0 175.0 nobles hommes sages et grans docteurs philosophes

1174.0 2752.0 2411.0 160.0 et clercs iusques a pñt, Et aussi quelle est pure et

1162.0 2875.0 2430.0 138.0 non soy aydant daucun Art diuinatoire, Contre et que

1190.0 2973.0 2423.0 157.0 lesd̾ detracteurs [[mes]] enuieulx ‸ ont uoulu die. Leq̃l

1180.0 3078.0 2356.0 169.0 elucidaire uous plaise benignemet Receuoir Et en

1184 3185 2411 191 excusant mon petit entendem̃t Si Ie nay, par tout

1187.0 3308.0 2365.0 148.0 traictie en si hault stille, Comme bien commendroit

1174.0 3416.0 2279.0 151.0 A ur̃e excellante et tres Illustree sacree et Royalle

1165.0 3533.0 2485.0 141.0 maieste Et par maniere de Recreacion Eutre uoz haulx

1168.0 3640.0 2457.0 148.0 nobles et ardues affaires le ueoir et cõsiderer Car [[Ie]]

1153.0 3745.0 2482.0 169.0 Iesꝑe que en Icelluy u̾res plus̾ ᷑ choses dont ladu̾tissem̃t

1147.0 3865.0 2598.0 157.0 et cõgnoissance uous pora porter ⟦⟧ de prouffit. ⟦⟧

1171.0 3969.0 2491.0 157.0 Que lignorance ⟦feroit⟧ de dommage i acoit ce q̃ ad ce composer

1190.0 4086.0 2512.0 142.0 riens du mien ny puis emploer Cõme Il soit q̃ q̃ Ie ne use q̃ de matie̾ ⁊

1211.0 4185.0 2507.0 153.0 emprũtee ⁊ q̃ texissue ⟦⟧ q̃ daulcun fil ore layne Car ĩ du leter

1214.0 4308.0 2516.0 144.0 nemo dat q̃ nõ habet po᷑quoi sil y a quelq̃ errẽ ou neglig̃ce de grande inuestigacion

1193.0 4412.0 2519.0 154.0 Uoꝰ plaise a supporter mon Imbescille scienc̃ ⁊ prandre en gre seullem̃t mon bon

1171.0 4523.0 2562.0 154.0 uouloir Car selon lus diu̾ses ꝑties du ciel sont changees les faces

1193.0 4646.0 2094.0 160.0 des hõmes les coulle᷑s ⁊ les diu̾sitez des courages

4484.0 615.0 1786.0 172.0 Uant sire que proceder a la matiere de ce

4487.0 747.0 1937.0 160.0 pñt Traictie Qui sera de elucider et esclarsir

4496.0 870.0 1990.0 169.0 la differance de la uraye science de astrologie

4484.0 1002.0 1937.0 148.0 Et des ars suꝑsticieux et diuinatoires. Uoꝰ

4505.0 1107.0 1802.0 156.0 uueil bien faire scauoir Que si aucuns

3958.0 1211.0 2429.0 166.0 Inuocateurs, Nigromãciens abuseurs ou diuins pour

3958.0 1334.0 2466.0 148.0 couurir leurs mauuais ars ont cõtrefait et cõtresfont

3945.0 1445.0 2458.0 154.0 Les astrologiens et se aident daucune Consideration

3913.0 1549.0 2580.0 162.0 des corps celestes. Il ne sensuit pas pourtant. Que

3970.0 1651.0 2353.0 157.0 la science de astrologie et les purs Astrologiens en

3930.0 1765.0 2460.0 156.0 doyẽt estre blasmes ou en ualloir mains Non plus

3961.0 1875.0 2362.0 172.0 que fait le soleil de estre Regarde. de quelque homme

3967.0 2007.0 2334.0 173.0 Infect Ou la sainte euuãgille si quelque sorcier ou

3967.0 2140.0 2297.0 135.0 charmeur sen aide ou faint aider en ses mauuaises

3970.0 2247.0 2377.0 142.0 opperacions Ne semblablem̃t Et en une clere fõtaine

3964.0 2355.0 2340.0 148.0 uient boire quelque serpent ou beste uenimeuse. Il

3942.0 2456.0 2402.0 157.0 ne sensuit pas Que la source dicelle En soit

3958.0 2570.0 2435.0 163.0 Infecte Ne ꝑce la dicte fontaine en doiue estre adnichillee

3964.0 2693.0 2423.0 145.0 et condempnee ne ceulx qui puis, boiuẽt dicelle. Ces

3973.0 2813.0 2445.0 145.0 goses non considerans ⟦Aucuns gens⟧ ignorãs totallem̃t

3973.0 2915.0 2703.0 178.0 la uraye science de astrologie et les fondemens pͥncipes Regles

3964.0 3041.0 2448.0 153.0 et moiens edicelle. Affectez a leur ꝓpre oppinion. et

3955.0 3148.0 2417.0 169.0 uolente mauuaise. A faulte de scauoir: la differance

3924.0 3268.0 2506.0 160.0 des bons ars ⁊ des mauuais Et scauoir aussi seꝑer

3967.0 3382.0 2405.0 148.0 le uray du faulx Et le pur de limpur Mais

3970.0 3487.0 2436.0 163.0 iugeans de ce cͣe trauers cõme Aueugles font de

3967.0 3606.0 2500.0 157.0 couleurs, Suiuans seullemt leur d̾ affection desordõnee

3967.0 3726.0 2399.0 166.0 procedant de faueur de hayne ⁊ denuie Et le

3958.0 3846.0 2561.0 151.0 tout fonde sur ignorance, Ont pretendu et se sont

3955.0 3966.0 2426.0 151.0 esforcrez icelle tant excellante et ⟦tant⟧ utille science

3948.0 4074.0 2691.0 206.0 Et la pͥncipalle ⁊ doyenne des sept ars liberaulx, astrologie
