7458 5533
1134.0 568.0 2530.0 206.0 Lesquieulx tous et plusieurs aut̾s Roys trescrestiens cõ *

1681.0 513.0 129.0 144.0 Roy

1192.0 719.0 2432.0 135.0 ont bien desire scauoir la dicte science. Ou an moins

1192.0 811.0 2457.0 163.0 auoir en icelle gens expers: Affin de plus paisiblem̃t

1183.0 909.0 2447.0 166.0 et glorieusem̃t scauoir Regir, et conduire leurs s̾biectz

1177.0 1020.0 2373.0 172.0 et affaires. et obuier aux incontinens Et  ce qͥlz

2965 1018 540 83 ‸qui peuvent survenir

1168.0 1121.0 2453.0 182.0 en ont fait. Ilz ne lont pas fait. Sans surce en auoir

1183.0 1235.0 2247.0 157.0 grande et singuliere exemple de leurs maieurs

1177.0 1355.0 2309.0 172.0 predecesseurs Comme du Roy clouis p̃lĩ le hardi

3191 1309 332 124 bel phelippe

1171.0 1478.0 2342.0 148.0 et autres. Et des uictorieurs empereurrs et Roys

1177.0 1576.0 2465.0 188.0 qui deuant eulx auoient este. Comme alexãdre le grãt

1174.0 1706.0 2388.0 162.0 Qui en Icelle par aristote fut instruit et plusieurs

1766 1673 572 102 ‸science de astiologie

1149.0 1825.0 2395.0 145.0 Roys degipte Entre lesquieux yeut le tant prudent

1149.0 1939.0 2496.0 151.0 et Renõme ptholomee. pheludien. qui uoulut auoir aussi

1165.0 2050.0 2444.0 157.0 auecqz lui les plusgrans phĩs et astrologiens quil peut

1140.0 2179.0 2435.0 147.0 Recouurez sur la terre pour en icelle science linstruire

1143.0 2271.0 2463.0 188.0 et enseigner. Et si tresstudieusem̃t se y appliq̃ Quil

1152.0 2416.0 2469.0 159.0 y fut plus profond que nul qui deuãt lui ne apres aye

1155.0 2523.0 2352.0 175.0 este ‸ ͦ ͧ ᷤ ͦ ͥ ͭ  Et quil soit ainsi,  en a compose plus᷑ grans

1152.0 2655.0 2331.0 120.0 euurs et uolumes que plus semblent diuins que

1158.0 2754.0 2432.0 150.0 humains Et semblablemt le preux et uaillant ẽꝑe᷑

1115.0 2877.0 2518.0 153.0 de Rõme iulles cesar monstra bien cõme Il y estoit erudit

1152.0 2993.0 2466.0 154.0 et profont quãt ꝑ disputacions et Raisons astrologalles

1137.0 3104.0 2490.0 151.0 Il fist cõdescendre les egipciens a son oppinion. Touchãt

1158.0 3215.0 2448.0 163.0 la quãtite des iours de lan lesqueulx Il Reduisit a trois

1165.0 3344.0 2373.0 135.0 cens soixante cinq iours et .vi. heures ou enuiron

1128.0 3433.0 2388.0 157.0 desquieux Il composa les bixes. Et de ce ordonna

1152.0 3562.0 2377.0 142.0 .xii. moys desqłz en ꝑpetuelle memoire de son nom

1115.0 3657.0 2503.0 154.0 Il nõma lun et le plus cler iullet, Oultre plus Il cõposa

1152.0 3768.0 2414.0 148.0 le kallendrier et nombre dor lesquelles  choses nauoiẽt

1152.0 3885.0 2447.0 166.0 este ainsi deuant lui faictes, Et que nous tenons encores

2554 3876 388 86 si bñ ordonnees

1152.0 3989.0 2392.0 157.0 en usage Alphonce Roy des romains de darragon

2458 4075 295 79 t̾s uertueux

1143.0 4091.0 2484.0 200.0 et de castille. Semblement ‸ en ceste science ne fut pas

442.0 2210.0 369.0 132.0 Ptolomee

3861.0 599.0 2419.0 209.0 petitemrent fonde Qui dicelle composa tables et cauous a

3867.0 722.0 2367.0 187.0 tousiours moult iustement ⁊ precisem̃t calcullees

3870.0 808.0 2598.0 224.0 tres utilles et conuenables a tous astrologiens, Et sil est donq̃s

3870.0 937.0 2358.0 209.0 que tant de si excellans empereurs. ⁊ Roys fulciz et

3861.0 1048.0 2434.0 190.0 enuironnez de si grans et notables clers ⁊ si profonds en

3851.0 1158.0 2426.0 191.0 diuerses sciences y ayent ou eussent uoulu emploier leͬ

3873.0 1272.0 2432.0 172.0 temps et longue estude, Et mesmement q̃ les dessusd̾

3873.0 1364.0 2601.0 194.0 Roys. de france, ou temps desqłz ont este les grans clercs ⁊ flory

3876.0 1466.0 2459.0 206.0 en france. profonds en toutes sciences plus sans cõparoisõ

3876.0 1583.0 2466.0 215.0 que a pñt, par espał a paris. Eussent souffert en eulx

3879.0 1706.0 2300.0 169.0 autour de eulx ne en leur Royaume des lors appelle

3882.0 1807.0 2392.0 203.0 trescrestien ‸ chose qui eust este suꝑsticieuse mauuaise

4224 1821 531 92 liures ne aut̾s

3876.0 1918.0 2383.0 181.0 ne contre la foy pour la quelle eulx mesmes ont si

3876.0 2022.0 2416.0 197.0 tres longuemt et cheuallereusement milite. Et la quelle

3876.0 2127.0 2349.0 215.0 Ilz ont tousiours secourue et augmẽtee, Il nest pas

3876.0 2250.0 2472.0 196.0 a p̾sumer a dire ne a penser. Que si la science de ‸

3874 2342 2638 198 astrologie fait a louer et a Recõmander en tant de ‸uaillant

6420.0 2333.0 323.0 221.0 ⁊ saiges

3865.0 2448.0 2527.0 240.0 empereurs et  Roys dessusid̾ Et mesmement ou glorieux

3870.0 2572.0 2496.0 216.0 et saint empereus charlemaigne. ie ne puis ueoir quelle

3874 2669 2744 235 face nullem̃t a Reprandre ou blasmer a ⟦mal de ses⟧ ignorant

6549.0 2642.0 567.0 193.0 qui rien ny ẽtẽd

3882.0 2800.0 2583.0 209.0 ⟦suctssmt⟧ Mais fait naturellem̃t a aymer, Cõme

3879.0 2932.0 2521.0 194.0 Il soit ainsi que plusieurs saintes ꝑsonnes au par auant, a

3882.0 3046.0 2398.0 172.0 eulx layent estudiee sceue ⁊ pratiquee. Comme adam

3879.0 3150.0 2370.0 166.0 noe abraham moise dauid Iob. salomon saint denis

3879.0 3270.0 2413.0 172.0 et plusi rl autres Cõme plusaplain sera ueu cy apres

3845.0 3393.0 2389.0 166.0 Se ggni en son ordre et aage. Lonneur ⁊ saintete de

3888.0 3498.0 2438.0 172.0 tous lesqłz lesd̾ calumpniateurs et ignorant detract᷑s

3885.0 3614.0 2444.0 173.0 sefforce charger fouller et diminuez en blasmant lad̾

3888.0 3725.0 2364.0 181.0 science, Et aussi en ce faisant sefforcent confondre

3885.0 3814.0 2321.0 194.0 et adnihiler toute philozophie dont elle deppend

3885.0 3934.0 2420.0 185.0 Et les grans philozophes qui dicelle science ont este

5219 4036 1055 86 desquieux le nombre sera ueu cy apres

3895.0 4060.0 2422.0 129.0 aucteurs et ellucidateurs Et la ou ⟦aucuns⟧ detracteurs

3855.0 4143.0 2437.0 185.0 dit nous cõfessons que astrologue est uraye science
