2861 3784
397.0 544.0 814.0 82.0 treces li trueue tenant. ⁊ des cheuos

393.0 613.0 808.0 91.0 a grant plante. Lors cuide bien estre

391.0 679.0 822.0 84.0 anchantez. ⁊ angigniez ⁊ entrepris par

389.0 739.0 807.0 82.0 le chief a le cossin pris. Si le soulieue

393.0 803.0 825.0 88.0 isnelement La coe dou palefroi sent. Cõ

391.0 868.0 831.0 82.0 la coe dou palefroi ot. Por .c. lb̵ ne de

389.0 935.0 801.0 76.0 ist mot. Une grant piece au fu touz

389.0 994.0 826.0 94.0 muz. Si durem̃t fu esperduz .Quil cui

384.0 1057.0 850.0 90.0 da par anchantem̃t. Ie le uos di aper

382.0 1124.0 848.0 93.0 tam̃t. Li fust auenu ceste chose. La da-

387.0 1189.0 801.0 80.0 me a le blasme ⁊ chose. Et dit se ia

382.0 1261.0 844.0 78.0 diex la sequeure. Que grant honte li

380.0 1322.0 840.0 75.0 a mis seure. ⁊ sil li dit mais tel outra

380.0 1383.0 833.0 75.0 ge. Tost iporra auoir domage. Li bor

384.0 1452.0 825.0 82.0 iois li prie q̃ li pardoine.Merci li crie

380.0 1522.0 806.0 77.0 ⁊ ses mains ioint. Dame fait il se

380.0 1593.0 823.0 88.0 diex me noie Ie uos cuidai bien tou

378.0 1664.0 842.0 89.0 te uoie. Auoir home a touz iors mais.

378.0 1736.0 808.0 76.0 ⁊ les treces cospees pres. Mais ie uoi

372.0 1803.0 829.0 80.0 bien q̃ cest manconge. Ainz ne son-

374.0 1873.0 808.0 82.0 iai mais si mal songe. Cõ iai mon

376.0 1942.0 820.0 84.0 cheual escoe. Don iai form̃t le cuer

374.0 2007.0 816.0 86.0 ire. Par cest fabliau poez sauoir. Q̾

372.0 2076.0 833.0 87.0 cil ne fait mie sauoir. Qui croit fa

376.0 2146.0 810.0 69.0 me de riens quauaigne. Mais de ce

368.0 2203.0 831.0 82.0 a uos touz souaigne. De celi qui en tel

353.0 2287.0 862.0 65.0 maniere. Torna tout ce deuant dar

378.0 2346.0 154.0 75.0 riere.

384.0 2404.0 234.0 72.0 Explicit.

473.0 2461.0 711.0 91.0 obert uerz de pierron ꝯme il a

483.0 2537.0 705.0 80.0 Ne cuer felon. qua .i. si loigtain

366.0 2610.0 820.0 70.0 baron iuiet sa fille marier qui a

370.0 2671.0 826.0 74.0 si clere facon q̃ lan si porroit mirer.

376.0 2728.0 823.0 78.0 ha diex ꝯ si faut raisons de uis de frõt

370.0 2789.0 801.0 80.0 gente de toute facon uos en uoi ie

378.0 2856.0 825.0 68.0 mener. Robers ne uaut .i. bouton qui

374.0 2911.0 822.0 88.0 lan laira aler. Sire uos serez blas

376.0 2983.0 818.0 96.0 mez sainsis lan laissiez mener ce que

1419.0 529.0 804.0 124.0 tant poez amer ⁊ ou auez tant pooir

1419.0 628.0 787.0 86.0 nan deuer laissier mener por terre

1417.0 693.0 819.0 89.0 ne por auoir Ml̾t par auroiz le cuer

1415.0 765.0 779.0 77.0 noir quant uos en saurez le noir na

1413.0 821.0 831.0 85.0 urez force ne pooir de li ꝯsentir ⁊ sachiez

1411.0 878.0 785.0 84.0 si bel auoir doit lan pres de lui tenir

1409.0 937.0 783.0 86.0 Robert ie uueil miex morir sil li ue

1380.0 1015.0 816.0 80.0 noit a plaisir q̃ lau laissasse partir p᷑

1407.0 1076.0 785.0 82.0 trestoute ma conte. he la qui porroit

1407.0 1147.0 766.0 78.0 gesir une nuit a son coste. sire diex

1407.0 1206.0 778.0 84.0 uos en dom̃t ioie de ce quauez desirre

1409.0 1267.0 799.0 72.0 Robert ie man criem morir car il lõt

1407.0 1324.0 364.0 84.0 fait mangre de.

1497.0 1387.0 705.0 86.0 auues arbres ne puet morir aĩz

1506.0 1458.0 673.0 85.0 seche touz ⁊ ua morant fueille ⁊

1377.0 1532.0 796.0 82.0 fruit de cointe samblant. porce cil

1396.0 1597.0 800.0 84.0 en cui naist amors. en ce fruit a ml̾t

1396.0 1675.0 823.0 82.0 de ualors q̃ nus ne porroit alegier. car

1392.0 1738.0 791.0 84.0 de touz maus fait alegier. fruit de

1396.0 1810.0 783.0 84.0 nature la piaut on or uos ai deuise

1390.0 1870.0 783.0 78.0 son non. De ce fruit ne puet nus

1388.0 1940.0 795.0 82.0 sentir se il ne le fait ꝓprem̃t. qui a

1388.0 2005.0 780.0 90.0 dieu amer ⁊ seruir done ⁊ cuer ⁊

1394.0 2081.0 779.0 69.0 talant cil qui en tel fruit trestout

1390.0 2146.0 762.0 80.0 auant ⁊ diex li fait riche secours

1394.0 2211.0 802.0 78.0 par le fruit fu li premiers plors. Eue

1390.0 2276.0 780.0 67.0 ifist adam pechier mais qui de bon

1388.0 2335.0 787.0 78.0 fruit nuet mangier dieu aint ⁊ sa

1388.0 2398.0 774.0 84.0 mere ⁊ son non. si aura le fruit de

1384.0 2457.0 784.0 84.0 soison. Seignor de larbre uos ai dit

1384.0 2533.0 782.0 77.0 de nature iuqua miex sient dont ia

1388.0 2600.0 812.0 86.0 nul ior nistera fors bien qui ⁊ del fruit

1386.0 2667.0 782.0 67.0 ne goustera q̃ iai cueilli aincois man

1384.0 2734.0 791.0 76.0 iuent si ꝯme de lanfant bien le fu qͥ

1384.0 2795.0 782.0 72.0 a la branche se sostient. ⁊ ancor larbre

1382.0 2846.0 814.0 84.0 ua ⁊ uient ne ia amont ne montera.

1382.0 2907.0 803.0 73.0 ainsis mes cuers folem̃t ua. tant par

1377.0 2972.0 798.0 86.0 est grans mes desirriers q̃ ie mãtien

2391 245 119 155 375
