2842 3781
664.0 548.0 742.0 90.0 delez lui uos sentoit. Ia de moi ne li

664.0 609.0 786.0 107.0 souanroit. Ainz cuideroit q̃ ie se fus

660.0 680.0 742.0 95.0 se. Qui delez son coste. geusse. Ml̾t

660.0 743.0 782.0 88.0 dout le blaste de la gent. Cele qui

657.0 808.0 795.0 99.0 couoita largent. Li dist tantost q̃le

666.0 882.0 752.0 82.0 iroit. Mais ne uorroit por nul an

666.0 928.0 784.0 97.0 droit. Quil la ferist ne feist hõte.

664.0 997.0 778.0 84.0 or tenez dautre chose conte. Dit la

666.0 1062.0 788.0 78.0 borioise ce ne puet estre. Atant cele

664.0 1125.0 796.0 84.0 qui bien sot lestre. San est en lostos

668.0 1186.0 765.0 93.0 ambatue. Si sest despoilliee toute.

670.0 1251.0 776.0 87.0 nue. Se sest lez le boriois couchiee

668.0 1314.0 776.0 87.0 mais ie dout quil ne lan meschiee.

662.0 1371.0 792.0 93.0 Car li boriois fu esueilliez. Qui nie

666.0 1445.0 811.0 98.0 re las ne traueilliez. fors q̃ de corrouz

664.0 1529.0 778.0 77.0 ⁊. danui. Et quant il sent celi lez

662.0 1588.0 761.0 81.0 lui. Sa fame cuide auoir trouee.

660.0 1657.0 798.0 94.0 ahi dit il fole prouee. Estes uos re-

664.0 1728.0 782.0 93.0 uenue ci. Se iamais ai de uos m̾ci.

655.0 1800.0 787.0 82.0 Dont soie ie honiz en terre. Nala

662.0 1869.0 786.0 80.0 pas loig .i. baston querre. Qua son

662.0 1930.0 803.0 92.0 cheuet en auoit .ii. Lors le saisi par

664.0 2001.0 786.0 89.0 les cheueus. Que ele auoit luisanz

664.0 2073.0 761.0 82.0 ⁊ sors. Tout autresi ꝯme fins ors.

662.0 2144.0 780.0 78.0 le chief sa fame resambloit. Cele

666.0 2201.0 767.0 86.0 qui de paor trambloit. Nose crier

670.0 2274.0 759.0 76.0 mais ml̾t sesmaie. Et li boriois tel

664.0 2329.0 782.0 90.0 cap li paie. Dune part ⁊ dautre p᷑

664.0 2392.0 767.0 95.0 uoir. tant q̃ morte la cuide auoir

657.0 2463.0 789.0 93.0 Et quant dou batre fu  lassez. si a la fu

664.0 2526.0 778.0 89.0 mie ancor assez. puis a iure son

657.0 2596.0 810.0 96.0 remẽ Que il la hõnirait dou cors lors

660.0 2676.0 800.0 77.0 li tranche les treces fors au plus pres

662.0 2734.0 794.0 70.0 quil pot de la teste. Cele san fuit plus

666.0 2793.0 797.0 72.0 ni areste. fuiant san ua ꝯme chaitiue.

668.0 2846.0 790.0 90.0 a la borioise ml̾t estriue. Lors li cõte la

670.0 2909.0 786.0 96.0 couenue. q̃ li boriois li auoit faite Tou

664.0 2989.0 757.0 98.0 te leschine li a faite. Ne gagnera

1641.0 535.0 816.0 84.0 iamais son pain. Car sor li na ne pie ne

1637.0 602.0 816.0 97.0 main. Ne soit brisiez ce li est uis. Les lar

1635.0 676.0 839.0 84.0 mes li chieent dou uis. ⁊ de ses treces ot

1633.0 745.0 824.0 82.0 tel duel morte uossist estre a son uueil.

1637.0 798.0 843.0 92.0 Quant la borioise ot esconte. Ce q̃ cele li

1635.0 875.0 820.0 76.0 er ꝯte Si la ꝯforte a son pooir . ⁊ dit q̃

1637.0 934.0 822.0 78.0 ele ira por uoir. Querre la cote ⁊ la che

1641.0 989.0 843.0 82.0 mise. Tantost sest a la uoie mise. Si sest

1633.0 1054.0 851.0 92.0 en lostel ambatue. Cil qui la cuide auoir

1637.0 1119.0 820.0 88.0 batue. Sest recouchiez ⁊ puis sandort.

1637.0 1184.0 826.0 86.0 La dame quiert ⁊ serche fort. Tant q̃le

1639.0 1247.0 839.0 86.0 a les treces trouees. Quil ot souz le cos

1639.0 1321.0 843.0 61.0 sin boutees. Puis quiert la cote ⁊ la che

1641.0 1377.0 820.0 76.0 mise. Que cil ne san est garde prinse.

1622.0 1440.0 854.0 89.0 Tout prent ⁊ estuie ml̾t bien. Puis se

1639.0 1508.0 845.0 98.0 porpense dune rien. Dun barat ml̾t bel

1637.0 1585.0 835.0 91.0 en requoi. Laianz auoit .i. palefroi. La

1635.0 1659.0 853.0 92.0 dame san ua cele part. Qui ml̾t sauoit

1639.0 1724.0 843.0 90.0 dengin ⁊ dart. Au cheual a la coe cospee

1639.0 1793.0 837.0 89.0 ⁊ desouz le cheuat contee. puis si despoille

1635.0 1858.0 818.0 85.0 sa chemise. Tout belem̃t ⁊ par deuise.

1637.0 1928.0 830.0 94.0 Lez son mari se muce ⁊ couche. Qui se

1639.0 2001.0 839.0 84.0 gisoit ãmi la couche. Et quant li iors

1641.0 2066.0 828.0 89.0 fu esclairiez. Que li boriois fu esueilliez

1639.0 2129.0 835.0 82.0 Sa fame senet sant si la regarde. Par

1639.0 2205.0 837.0 65.0 foi dit il tu ies musarde. Quant ies a lo

1641.0 2266.0 826.0 80.0 stel reuenue. Car tu fus arsoir si batue.

1641.0 2340.0 837.0 73.0 Que ie cuidai se diex me uoie. Que ia

1643.0 2398.0 837.0 86.0 mais nalasses par uoie. Or me gehissiez

1643.0 2470.0 847.0 80.0 neporquant. quant ie uos bati arsoir tãt

1639.0 2529.0 818.0 90.0 Cõmant auez nul recourier. Certes

1639.0 2608.0 824.0 76.0 ml̾t me puis meruillier. Se trop ne

1639.0 2665.0 822.0 84.0 uos doulez des rains. Et se uos auez les

1641.0 2724.0 826.0 76.0 os sais. U̾ite sauoir an uorroie. Sire pͦ

1643.0 2783.0 845.0 88.0 quoi me desdiroie. Dit la dame q̃ mal ai

1643.0 2846.0 831.0 73.0 ie. Uos auez ãnuit ml̾t songie. Que uꝰ

1645.0 2907.0 818.0 79.0 me cuidastes ce faire. Li boriois ot hõte

1641.0 2963.0 805.0 103.0 ⁊ ꝯtraire ⁊ la teste li ua tastant. Las
