3706 5531
669.0 316.0 1291.0 141.0 uoiz qui dit. Uenez a moi tuit cil qui estes trauoillie. ⁊ ie

669.0 420.0 1270.0 133.0 uos referai ⁊ alegerai de uoz painnes. Tuit cil qui ou

669.0 507.0 1309.0 141.0 mostier estoient orent paor ⁊ esbahirent qnͣt il oirẽt

669.0 605.0 1306.0 129.0 la uoiz qui dit en tel menniere. ⁊ por la paor se laisserẽt

672.0 703.0 1306.0 123.0 il cheoir a terre. ⁊ distrent tuit kyri eleyson. apres ce qͥl

669.0 801.0 1325.0 123.0 orent ce fait la uoiz coumenca a dire. Querez lome dieu

669.0 900.0 1273.0 123.0 ⁊ li priez quil prit por rome. Ce remest ⁊ trespassa. ensi

676.0 983.0 1336.0 129.0 cest ior. Car li empereor meismemẽt ⁊ li apostoiles ⁊ tuit

672.0 1078.0 1303.0 132.0 cil de la cite estoient si esbahi. por la uoiz quil auoiẽt oie

679.0 1183.0 1272.0 110.0 quil ne sauoient que faire. Sainz alixis estoit en la

679.0 1269.0 1352.0 116.0 meson son pere malades.⁊ si randoit ⁊ nuit ⁊ ior a nr̃e

679.0 1358.0 1321.0 129.0 seigneur graces ⁊ loanges ⁊ li requeroit merci ⁊ par

679.0 1453.0 1293.0 114.0 don. de ses pechiez. ⁊ li otroiast a auoir uie parmena

682.0 1533.0 1281.0 123.0 ble. Quant uint le iuesdi a la matinee il randi sa

685.0 1631.0 1284.0 117.0 me ⁊ li saint ange lemporterent laissus es ciaux a

685.0 1720.0 1327.0 129.0 grant ioie ⁊ a grant leecce. La uespree sassamblerent

685.0 1812.0 1318.0 111.0 li dui empereor ⁊ li clergie de la cite por aler querre le .s̃.

688.0 1905.0 1318.0 116.0 cors si com la uoiz lor auoit dit ⁊ ensaignie. la ou il sa

685.0 1997.0 1300.0 117.0 paroilloient por laler querre. il oirent la uoiz quil a

679.0 2077.0 1296.0 141.0 uoient deuant oie qui lor dit que en la meson eufe

679.0 2193.0 516.0 105.0 mien estoit li cors.

854.0 2276.0 1131.0 108.0 Onc parlerent a eufemien si li distrent. Tu as

845.0 2362.0 1130.0 133.0 en ta maison la sainte grace ⁊ la seignorie ⁊ si

703.0 2461.0 1300.0 132.0 ne le nos as pas demonstre. Eufemiens lor respondi ⁊

703.0 2550.0 1312.0 120.0 dit. Ce saiche nostre sires que ie ne li sai pas. Lors ape

703.0 2642.0 1322.0 123.0 la celui qui estoit desor toute sa maisnie si li dist. Sez tu

703.0 2740.0 1294.0 123.0 li quiex de ma maisnie a si grant grace. Cil respondi

706.0 2826.0 1322.0 130.0 ie nel cognois pas. Donc coumanderẽt li empereor qnͣ

709.0 2922.0 1325.0 116.0 alast en la meson eufemien querre lome nr̃e seignor

706.0 3005.0 1331.0 116.0 Eufemiens enuoia querre sa maisniee.⁊ les fist tost ue

712.0 3094.0 1285.0 126.0 nir en sa meson por apparoillier les sieges ⁊ por faire

716.0 3189.0 1306.0 114.0 bel luminaire ⁊ embraser encens por ceus qui uẽdroi

712.0 3266.0 1325.0 120.0 ent. car ciex estoit a donc la costume. Ensi le firent li ser

719.0 3367.0 1278.0 111.0 iant com la chose lor fu coumandee. Donc uint eu

722.0 3447.0 1309.0 135.0 femiens ⁊ cil qui le saint home queroient ensãble

722.0 3542.0 1309.0 123.0 o lui en sa meson. La mere saint aiexi sozhauca sa cor

719.0 3632.0 1293.0 119.0 tine qui estoit deuant une fenestre si dit. Quiex rai

728.0 3733.0 1297.0 107.0 son ⁊ quiex droiture est ce. ⁊ quiex noise ⁊ de quoi st̾

728.0 3819.0 1337.0 111.0 ces paroles. la fame son fil li disoit quan quele ueoit

737.0 3908.0 1309.0 114.0 qui estoit deuant li ⁊ li dit que la auoit assamble de

740.0 3991.0 1260.0 114.0 gent grant torbe. li serianz qui saint alexi gardoit

743.0 4080.0 1297.0 141.0 dit a eufemien son seigneur. deuant touz ceus qui

1899.0 33.0 396.0 203.0 .cxuiii.

2154.0 313.0 1266.0 135.0 la estoient Ie ai ueu lome que uos me coumandastes

2151.0 408.0 1256.0 129.0 a garder faire ml̾t saĩtes oeures. car il se faisoit cõ

2157.0 503.0 1257.0 117.0 menier chascun diemenche ⁊ ne menioit de pain

2157.0 596.0 1244.0 126.0 que li onces ⁊ grant abstinence auoit en lui meis

2160.0 697.0 1257.0 120.0 mes daigue quil nen beuoit se ml̾t petit non ⁊ ne

2163.0 792.0 1257.0 120.0 dormoit ior ne nuit einz estoit touz iorz en oroisons

2166.0 884.0 1244.0 120.0 ⁊ em proieres. li plusor dela ioene maisniee de ceanz

2160.0 974.0 1315.0 126.0 le gaboient ⁊ astailloient de paroles ⁊ il ne sen corrocoit

2160.0 1063.0 1278.0 132.0 onques ne esmouuoit en ire. or est morz ⁊ trespassez

2154.0 1164.0 411.0 129.0 de cest siecle.

2332.0 1238.0 1094.0 123.0 uant eufemiens oi ce il corrut isnelemẽt la ou

2310.0 1330.0 1122.0 117.0 li cors gisoit. ⁊ le coumenca a huch̾. mes il ni tro

2178.0 1410.0 1282.0 144.0 ua ne uoiz ne parole lors le descouuri ⁊ uit que li sainz

2178.0 1524.0 1251.0 110.0 hom auoit la face ausi clere ⁊ aussi resplandissanz

2178.0 1603.0 1272.0 133.0 com la face dun ange. ⁊ en sa main tenoit la chartre qͥl

2178.0 1711.0 1254.0 108.0 auoit escrite. Eufemiens tendi sa main a la chartre.

2181.0 1791.0 1257.0 117.0 por ce quil la uoloit prandre ⁊ lire. mes li sainz hom

2172.0 1880.0 1266.0 108.0 la tenoit en sa main si estroite ⁊ si serree quil ne la

2175.0 1975.0 1251.0 120.0 pot oster en nule menniere. Qnͣt ce uit eufemiens

2175.0 2080.0 1260.0 104.0 il repaira aus empereors ⁊ lor dit. Nos auons troue ce

2172.0 2163.0 1269.0 123.0 lui que nos queriens. donc lor coumenca a conter to

2175.0 2273.0 1266.0 105.0 te la uie que li sainz hom auoit menee toz les iorz de

2178.0 2350.0 1251.0 123.0 sa uie. ⁊ meismement .xuii. ans laienz. Et tent en

2178.0 2445.0 1279.0 117.0 sa main une chartre que nus ne li puet tolir ne oster

2178.0 2531.0 1279.0 123.0 de la main tant que len lait leue. Quant ce oirent li

2178.0 2621.0 1291.0 122.0 empereor. il coumanderent quen feist .i. haut lit ator

2181.0 2713.0 1282.0 123.0 ner ml̾t hautement ⁊ meist en sus le saint cors Qnͣt

2178.0 2820.0 1263.0 111.0 ce fu fait il sesmurent de la ou il estoient ⁊ li apostoi

2181.0 2903.0 1254.0 120.0 les auoc aus. ⁊ tuit li senat de rome. ⁊ touz li pueples

2184.0 2989.0 1254.0 129.0 si uindrent en la meson eufemien la ou li cors sainz

2187.0 3081.0 1257.0 123.0 gisoit qui tenoit la chartre. Adonc parlerent li empe

2187.0 3174.0 1279.0 110.0 reor ⁊ distrent. Sainz hom qui ci gis tout soions nos

2187.0 3238.0 1291.0 132.0 picheor si sommes nos empereor ⁊ si i est li apostoiles

2187.0 3343.0 1285.0 126.0 qui est sires desor touz crestiens. Donne nos cele chartre

2187.0 3420.0 1276.0 138.0 que nos saichiens que tu ies ⁊ quele senefie. Tantost

2194.0 3518.0 1284.0 132.0 ouuri sainz alixis la main. ⁊ lor laissa aler la chartre

2194.0 3598.0 1263.0 144.0 quil ne uoloit deuant baillier a son pere. donc la bail

2194.0 3705.0 1253.0 120.0 lerent li empereor aus clers ⁊ la coumanderẽt a lire.

2197.0 3785.0 1260.0 126.0 Tuit cil qui la estoient se tindrent quoi. ⁊ uns clerc co

2203.0 3871.0 1263.0 132.0 menca la chartre deuant touz a espondre. Qnͣt eufe

2203.0 3957.0 1247.0 139.0 miens qui peres estoit saint alexi oi les paroles q̃

2200.0 4052.0 1254.0 145.0 ses bons aiz auoit escrites il seleua touz droiz de son
