3788 5477
432.0 313.0 1267.0 119.0 Et qnͣt il ot ce dit il morut tantost decruel mort ⁊ de do

426.0 419.0 1297.0 104.0 lereuse ⁊ de uilainne. Quant ce uirent si seriant il ale

423.0 511.0 1306.0 103.0 rent noncier a lempereor ceste chose. Et qnͣt li empere

426.0 614.0 1294.0 94.0 res lentendi. il commanda quen le liurast aus lyons

414.0 696.0 1309.0 98.0 por deuorer. Et qnͣt lisainz hom ifu mis li lyon sumili

411.0 788.0 1303.0 97.0 erent ⁊ coucherent a ses piez ausi com bestes priuees

560.0 864.0 871.0 109.0 uant ce uit li pueples qui la estoit

505.0 961.0 1230.0 107.0 assamblez il sen meruoillerent ml̾t ⁊ si distrẽt

426.0 1055.0 1321.0 107.0 quil nestoit autres diex que cil que agapites regehis

420.0 1137.0 1269.0 101.0 soit ⁊ aouroit. Et la ou il crioient en tel menniere

414.0 1217.0 1312.0 115.0 sainz agapites lor dit Biau frere ⁊ biau pere creez en

401.0 1329.0 1322.0 101.0 ihũ crist si seront uoz ames sauuees. car les choses de

386.0 1414.0 1316.0 98.0 cest siecle seront tost trespassees. Uos serez bon eure ce

404.0 1494.0 1322.0 112.0 uos creez en nostre seigneur ihũ crist. Lors coumãda

401.0 1585.0 1301.0 106.0 li fel empereres com li trenchast la teste ⁊ Ce fu es .xu.

401.0 1682.0 1313.0 107.0 kalendes de septembre. Donc uindrent li crestien si pͥt

401.0 1758.0 1319.0 113.0 trent le cors de lui par nuit si lenfoirent a grant honor.

401.0 1865.0 1316.0 97.0 en .i. nouel sarquil quil trouuerent. Et qnͣt il lorent

398.0 1932.0 1295.0 112.0 enfoi si distrent que nr̃e sires uoloit le lieu beneir

398.0 2032.0 1295.0 104.0 ou il fumis por son saint martyr. Et bien saichiez

392.0 2111.0 1319.0 119.0 que plusor paien crurent en nostre seignor par saĩt

389.0 2218.0 1322.0 109.0 agapite ⁊ par les granz miracles que nr̃e sires fist

395.0 2309.0 1313.0 103.0 por lui. a cui honnor ⁊ gloire soit par touz les siecles

392.0 2377.0 480.0 124.0 des siecles ameN.

881.0 2377.0 800.0 133.0 Ci conmence la uie mon seign᷑

392.0 2476.0 1285.0 113.0 saint alexi. qui fu nez de la cite de roume.

1074.0 2555.0 603.0 134.0 N cel cens que la lois nr̃e

1084.0 2677.0 599.0 110.0 seigneur estoit creue ⁊

1087.0 2768.0 599.0 113.0 essauciee. ⁊ que les genz

1090.0 2851.0 587.0 106.0 se penoient a donc plus

1096.0 2948.0 554.0 97.0 de bien faire quil ne

1096.0 3039.0 575.0 98.0 font ores estoient em

1099.0 3124.0 584.0 107.0 pereor a rome honoires

1102.0 3213.0 572.0 100.0 ⁊ archades qui estoiẽt

1087.0 3301.0 554.0 122.0 debonnaire enuers

395.0 3401.0 1285.0 95.0 toute creature. ⁊ si creoient en nostre seigneur decui

386.0 3477.0 1325.0 113.0 tuit bien naissent ⁊ uiegnent. a donc auoit en la cite

383.0 3578.0 1279.0 100.0 de rome .i. home eufemianus estoit apelez par non

380.0 3651.0 1303.0 128.0 Cil auoit la poeste ⁊ la seignorie de sor touz les empe

383.0 3763.0 1291.0 107.0 reors de rome ⁊ de toute la contree ⁊ml̾t estoit ri

380.0 3849.0 1322.0 112.0 ches dauoir ⁊ depossessions ⁊ de ch̾rs qui le seruoiẽt

377.0 3931.0 1316.0 118.0 ⁊ de beles maisnies ⁊ desor tout ce amoit il nr̃e seig

383.0 4004.0 1316.0 155.0 nor sortoute creature. Il auoit fame de haute lignie

1903.0 322.0 1251.0 125.0 qui aygles estoit apelee par non ⁊ estoit ml̾t bone da

1890.0 425.0 1240.0 119.0 me. ⁊ amoit mout nostre seignor. ⁊ seruoit de tout

1897.0 517.0 1281.0 106.0 son pooir ⁊ de toute sa cure. Nul enfant ne pooiẽt auoir

1894.0 608.0 1254.0 119.0 dom il estoient mľt desconforte ⁊ souuent reclamoi

1894.0 687.0 1248.0 119.0 ent nostre seigneur. Eufemianus ieunoit chascũ

1894.0 794.0 1248.0 106.0 ior por lamor de nr̃e seigneur iusqua none. A donc

1897.0 879.0 1272.0 103.0 auoit fait metre encon pales .ui. tables ou ele asse

1897.0 964.0 1272.0 107.0 oit les orfelins. les ueues les pelerins les malades

1884.0 1055.0 1316.0 125.0 ⁊ les mesiaus. Et qnͣt il auoient mengie ⁊ il les auoit

1890.0 1134.0 1270.0 122.0 seruiz honnorablement. il saseoit ⁊ menioit pain ⁊

1890.0 1238.0 1267.0 109.0 aigue tant seulement. Sa fame lensieuoit ml̾t de

1897.0 1323.0 1263.0 110.0 faire bonnes oeures. si come cele quil auoit a us ⁊ a

1890.0 1414.0 1249.0 113.0 coustume. Et chascun ior faisoit ces oroisons a nrẽ

1894.0 1494.0 1248.0 136.0 seigneur ⁊ disoit. Biau sire diex souuaigne uos

1887.0 1588.0 1267.0 125.0 de moi qui sui ur̃e ancele. ⁊ me donnez tel fruit de

1894.0 1691.0 1284.0 119.0 mon baron qui puisse conforter mon cors ⁊ ma

1890.0 1780.0 1279.0 115.0 uie. Tele uie com ie uos ai contee ⁊ dite menoit eu

1894.0 1865.0 1278.0 109.0 femeianus ⁊ aglais la bone dame sa fame Il nestoi

1884.0 1947.0 1276.0 122.0 ent pas desparoit en lor oeures. car li uns faisoit bñ

1884.0 2041.0 1258.0 107.0 ⁊ li autres seuoloit plus encor pener de bien faire:

1884.0 2145.0 1273.0 103.0 Nostre sires quitant est piex ⁊ misericors ⁊ Qui ne

1881.0 2218.0 1261.0 109.0 deguerpist pas ceus qui deurai cuer laiment ⁊ re

1884.0 2312.0 1255.0 110.0 claiment ⁊ apelent or la proiere a la dame. Car ele

1887.0 2394.0 1282.0 113.0 encharia .i. enfant qui fu de sainte uie si com uos

1878.0 2498.0 1294.0 115.0 orroiz auant conter ⁊ dire. se uos le uolez oir ⁊ entẽ

1881.0 2595.0 1264.0 110.0 dre. La dame porta son enfant iusques au ior que

1881.0 2665.0 1294.0 125.0 raisons fu ⁊ droiture. Et qnͣt il fu nez sen orent li pe

1869.0 2768.0 1288.0 110.0 res ⁊ la mere ml̾t grant ioie. il le firent baptizier ⁊

1878.0 2875.0 1282.0 88.0 leuer defonz si li mistrent non alexi en baptesme. Li

1875.0 2963.0 1285.0 104.0 enfes crut ⁊ amenda si come a nostre seignor plot

1878.0 3039.0 1304.0 116.0 tant que il uint en aaige de nietre a lescole. Li peres

1878.0 3137.0 1307.0 97.0 ⁊ la mere le firent aprandre par grant cure ⁊ par gnͣt

1875.0 3228.0 1261.0 94.0 diligence. car il lamoient plus que toutes les cho

1878.0 3304.0 1288.0 113.0 ses dou monde. Il sot gramaire ⁊ rectorique ⁊ deui

1881.0 3407.0 1282.0 98.0 nite tant quil fu saiges enfanz ⁊ bñ endoctrinez de

1872.0 3487.0 1306.0 109.0 toutes bonnes costumes il douta dieu ⁊ama si ꝯme

1878.0 3578.0 1258.0 103.0 son creator ⁊ son celestial pere il ne se desuoia pas de

1872.0 3675.0 1306.0 91.0 droite uoie cest de bien faire. ainz ensui detout entot

1872.0 3751.0 1303.0 122.0 leuengile. qnͣt il fu emparfait aaige. cest a dire quil

1878.0 3849.0 1005.0 115.0 fu saiges ⁊ entendanz de touces choses.

2040.0 3940.0 1108.0 88.0 ufemiens ses peres apela sa mere ⁊ se li dit

2037.0 4007.0 1108.0 155.0 Donnons fame a nr̃e fil si acroistra nr̃e lig

3300.0 185.0 223.0 171.0 112
