3800 5456
436 303 1256 106 siege ⁊ coumenca bien a faire chiere de dolant home

430 400 1286 103 car il depeca coutes ses uesteures ⁊ detraist ses cheuox

424 494 1256 94 ⁊ se laissa cheoir sor le cors tout plourant ⁊ disant a

424 572 1319 116 haute alaine: ha: mes douz filz porquoi auez uos si cor

421 669 1319 103 reciee ma uie.⁊ porquoi auez uos mis si grant dolor

418 754 1325 109 a mon cuer touz les iorz de ma uie. Biaux filz ie cuidoie

418 839 1259 115 parler a toi por sauoir qui tu fusses. mais las chaitis

421 939 1298 103 non ferai car ie te uoi mort ⁊ ne respons a chose que ie

421 1027 1268 115 te die. Biauz filz qui estoies li conforz de ma ueillesce

421 1115 1271 109 que dirai ge ⁊ quel duel porrai ge mes demener por toi

415 1212 1283 112 toute ma uie. lors se pasma ⁊ deuint aussi pales come

570 1367 1104 127 Pres uint la mere qui mainte grant dolor auo

567 1467 1107 124 por lui sostenue. Quant ele sot que cestoit ses

412 1554 1280 122 filz qui estoit morz. ne fu pas gas de la dolor quele cou

400 1654 1292 110 menca a faire. Car ele coumenca ses dras a depanner ⁊

357 1739 1338 116 a desrompre aussi com li lyons fait les roiz qnͣt il se sent

400 1821 1310 131 entrape desoz par les uenneors qui le uoelent prẽdre

391 1921 1307 118 ⁊ ses cheuox meismes desrompoit ele a ses .ii.mains

397 2000 1304 124 tout aussi com sele fust forsenee. ⁊ regardoit uers le

394 2094 1361 124 ciel a la foie. ⁊ a la foiee uers le pueple qui encor li estoit

394 2188 1337 124 ⁊ si disoit. Beles genz por dieu car me laissiez ueoir mõ

391 2282 1328 115 filz qui lesperance est de ma uie. ⁊ que ie alaitai de mes

397 2379 1304 112 memeles. Quant ele auoit ce dit donc se referoit en

397 2458 1316 121 mi le piz. ⁊ demenoit une dolor desmesuree si sescrioit

394 2549 1289 121 a haute uoiz ⁊ disoit. uos tuit ⁊ toutes qui estes ci as

400 2652 1292 112 samble plourez auoc moi ⁊ demenez dolor por ce q̃ mes

397 2734 1277 118 filz a este .xuii. anz en ma maison ne nel cogaut nꝰ

394 2831 1261 112 hom que ce fust alexis lesperance de ma uie. Si serf

388 2909 1313 122 le laidenioient ⁊ ne sauoient qui il estoit ne nel cog

388 2997 1289 131 noissoient. Donc sescrioit apres ⁊ disoit. Biauz filz

388 3100 1289 100 qui lumiere de mes iauz estoies coument te pois tu si

388 3173 1304 124 longuement celer en la meson ton pere ne a si grant

385 3273 1298 106 termine. Donc baisoit le cors ⁊ disoit. Biauz filz por

382 3364 1331 106 quoi auez uos ensi ouure uers moi. Uos ueiez uostre

382 3458 1285 103 pere ⁊ moi chascun ior plourer por uos. ⁊ si ne uos

382 3543 1307 118 descouuriez pas ne nẽ auiez pitie ne misericorde. A

382 3637 1270 112 ceus qui la reconfortoient ⁊ chastioient disoit ele

388 3719 1310 121 laissiez moi ma grant dolor demener que iai assez

391 3813 1337 112 de quoi faire. A donc recoumencoit la fame saint alexi

385 3907 1276 112 a faire sa dolor qui a haute uoiz crioit ⁊ plouroit ⁊

388 3998 1346 151 auoit toutes ses uesteures desrompues. ⁊ disoit lasse

421 1291 197 121 cendre.

1898 251 1246 182 or primes sui ge deguerpie or sui ge ueue. Que es

1898 415 1246 121 garderai ge plus ne atendrai nule close seplore

1898 500 1228 124 menz non touz les iorz de ma uie. li pueples ⁊ les

1892 600 1240 100 genz qui la estoient assamble semeruoilloiẽt ⁊ es

1892 675 1262 131 bahissoient de ce quil ueoient faire au pere ⁊ a la m̾e

1898 778 1231 107 saint alexi ⁊ a sa fame. Donc coumanderent li dui

1895 866 1292 128 empereor com portast le lit sor quoi li sainz cors gisoit

1895 957 1255 119 en mi la cite. Et firent partout noncier ⁊ dire quil

1895 1045 1277 134 auoient trouue lome dieu quil auoient quis par

1898 1145 1256 106 toute la cite. Tuit uenoient encontre le saint cors ho

1895 1218 1289 139 mes ⁊ fames. ⁊ cil qui enferm ⁊ langoureus estoiẽt

1892 1324 1243 112 garissoient de lor enfermetez ⁊ de lor maladies. Li

1892 1400 1262 142 muel rauoient lor paroles. li auugle lor ueues

1895 1503 1252 118 li liepreus estoient monde. li desue i garissoiẽt. Cez

1895 1588 1280 112 miracles uirent li empereor. ⁊ coumanderent age

1889 1664 1237 118 ter or ⁊argent en la place por le pueple entendre

1895 1767 1055 130 au rocoillir si que la presse fust aclaroiee

2053 1852 1085 103 Nsis fu la chose faite. mes onques a loi ne a

2034 1952 1126 106 largent nentendirent. ainz sempresoient

1883 2033 1277 125 dalez le cors quan quil pooient ⁊ traioient ⁊ toutes

1889 2124 1258 119 uoies li empereor ⁊ li haut home sesforcerẽt tant q̃

1883 2224 1271 103 a grant painne ⁊ a grant angoisse le porterent au

1886 2312 1274 106 mostier saint boniface. La le mistrent tout en chã

1889 2397 1246 100 tant a nostre seigneur hymnes ⁊ loanges. Donc

1883 2488 1298 112 firent faire le monument mon seignor saĩt alexi

1880 2570 1289 115 dor ⁊ dargent ⁊ de pierres precieuses en leglyse. La

1877 2673 1267 100 lenfoirent ⁊ mistrent a si grant honnor com il

1883 2755 1301 109 deuoient faire. ⁊ la a fait nr̃e sires maint bel mira

1877 2852 1252 97 cle iusques a hui cest ior. ⁊ ce fu el .xuii. iorz dou

1883 2940 1271 112 mois de iuignet cest es .ui. kalendes daoust que

1877 3031 1280 103 honnoires ⁊ archades estoient empereor de rome

1868 3119 1261 100 ⁊ de la sepouture de lui issirent unes sitres granz

1880 3203 1267 103 odors com de piment. Et se aucuns i requiert nr̃e

1874 3294 1334 103 seignor aide par uraie creance nostre sires li otroie

1880 3388 1258 97 par la proiere saint alexi car li sainz hom aide

1874 3473 1295 106 a ceus qui ont bonne esperance en nostre seignor

1871 3564 1289 112 a cui honnors ⁊ gloire soit par touz les siecles des

1877 3661 412 106 siecles ameN.

1871 3813 1246 133 Ci coumence la uie mon seigneur saint ihero

1874 4016 1267 121 me le beneoit confessor nr̃e seignor ihesi crist

3351 142 200 182 114.
