3800 5456
403.0 287.0 1280.0 107.0 prochiens est cest li hom que tu demandes. Lors re

400.0 366.0 1298.0 125.0 paira cil arriers. si trouua saint alixis qui de fors luis

394.0 466.0 1331.0 115.0 faisoit ses oroisons si come cil qui a autre chose nauoit

397.0 560.0 1283.0 115.0 sentente. Donc leprist cil par lamain. si lenmena en

388.0 639.0 1298.0 127.0 leglyse puis li demanda ml̾t doucement qui il estoit

385.0 742.0 1331.0 121.0 ⁊ de quel contree. Sainz alixis respondi quil estoit uns

385.0 839.0 1298.0 106.0 poures hom molt pichierres. Cil li respondi que pouͤs

385.0 930.0 1301.0 112.0 hom ⁊ pechierres ⁊ desmesurez nestoit il pas einz estoit ri

388.0 1012.0 1286.0 121.0 ches hom ⁊ plains de la grace dou saint esperit. Donc sas

385.0 1103.0 1325.0 121.0 samblerent genz a lor paroles. Et tantost com il ot ce dit

382.0 1185.0 1325.0 121.0 li souccetains lor conta ⁊ dit coument lymaige nr̃e dame

376.0 1285.0 1291.0 103.0 li auoit fait aler querre cest saint home ⁊ amener ale

379.0 1367.0 1285.0 118.0 glyse. Quant sainz alixis uit ⁊ sot quil estoit ensi cog

376.0 1457.0 1285.0 113.0 neuz. ⁊ pueplez partoute la uile de ses oeures il issi de la

373.0 1551.0 1313.0 107.0 cite qui heldesse estoit apelee. la ne uost il plus demorer

369.0 1645.0 1311.0 116.0 ainz entra en une nef por ce quil uoioit aler atortose

363.0 1730.0 1326.0 115.0 une cite de sezile. Et dit a lui meismes que la iroit il por

363.0 1824.0 1298.0 109.0 ce que len ne li cognoissoit pas. Quant il fu entrez en

363.0 1897.0 1344.0 127.0 la nef ⁊ li uoiles fu tenduz uns uenz de terre les depar

357.0 2000.0 1329.0 118.0 ti ⁊ seura ml̾t tost douport ⁊ tant les porta par grant

360.0 2091.0 1311.0 112.0 force quil uindrent a la cite de rome. La issi sainz alixis a

357.0 2182.0 1323.0 115.0 terre ⁊ si dit. Saiche nostre sires que ie nenterrai en autͤ

357.0 2270.0 1314.0 130.0 maison que en la meson monpere. Lors sen ala toute la

345.0 2355.0 1295.0 118.0 rue si comme cil qui bien sauoit la uoie. donc auint

348.0 2455.0 1298.0 124.0 ensi lachose quil troua son pere qui reuenoit dou pa

348.0 2534.0 1329.0 136.0 les lempereor auoc lui granz genz ensamble de sa mes

345.0 2631.0 1298.0 130.0 niee. Quant sainz alixis le uit il parla a lui ⁊ se dit.

345.0 2724.0 1322.0 116.0 Sers dieu aies merci de moi qui sui poures ⁊ besoignex

342.0 2803.0 1304.0 128.0 ⁊ me heberge en ta meson ⁊ donne dou relief de ta table

333.0 2903.0 1301.0 115.0 que nr̃e sires puisse beneir ta uie. ⁊ ce doint le regne

330.0 2988.0 1307.0 118.0 des ciaus.⁊ puisse garder ⁊ raemplir de sa misericorde

330.0 3073.0 940.0 115.0 i fil que tu as qui est en pelerinaige.

485.0 3152.0 1158.0 133.0 uant eufemiens oi parler de son fil il se pansa qͥl

485.0 3249.0 1158.0 124.0 hebergeroit celui qui estoit estranges Donc fist

327.0 3334.0 1304.0 127.0 uenir saint alexi. en sa meson por lamor de son fil ⁊

333.0 3419.0 1341.0 145.0 dit a ses serianz. Li quiex de uos uodra seruir cest home

327.0 3531.0 1295.0 109.0 estrange. Il iert frant touz les iorz de sa uie. ⁊ li dõrai

327.0 3619.0 1295.0 118.0 en ma meson. rante assise. Li uns respondi ⁊ dis. Sire

321.0 3697.0 1307.0 122.0 ie seruirai uolentiers acest poure home besoigneus si

330.0 3776.0 1289.0 128.0 com uos dites a uostre uolente. Eufemiens li dit. Fai

315.0 3873.0 1301.0 131.0 li un grabat cest .i. lit iluec deuant lentree de macham

324.0 3955.0 1277.0 140.0 bre desouz cel degre. Si que quant ie enterrai ⁊ istrai

1865.0 297.0 1261.0 130.0 de ma chambre que ie le uoie. Et garde bien que tu ne le

1862.0 397.0 1261.0 130.0 corroces en nule menniere. ⁊ uois encore quil meriue

1856.0 478.0 1249.0 140.0 ⁊ siee a ma table. En si com uos moez conter ⁊ dire fu

1862.0 575.0 1261.0 122.0 sainz alixis hebergiez en lostel som pere. Sa mere gisort

1862.0 669.0 1255.0 119.0 malade que onques puis quil sestoit partiz de li ne fu

1856.0 760.0 1279.0 119.0 leuee ⁊ plouroit ⁊ menoit chascun ior grant dolor por

1862.0 854.0 1270.0 115.0 son fil de cui ele ne pooit oir nule nouele. La fame saĩt

1862.0 927.0 1267.0 136.0 alixi estoit touz iorz deuant la dame ⁊ disoit ge nistrai

1859.0 1030.0 1267.0 118.0 mais ior de ma uie fors de caienz. ainz tendrai chastee

1859.0 1109.0 1270.0 145.0 si ꝯme la torterele qui ua querant par les montaignes

1856.0 1215.0 1310.0 115.0 ⁊ par les terres son baron quant ele ne la pas. ausi gar

1856.0 1300.0 1288.0 115.0 derai ge ⁊ atendrai tant que ie sauroi que mes barõs

1856.0 1388.0 1343.0 118.0 est deuenuz. Tele uie menoit sa mere ⁊ de le uie menoit

1856.0 1479.0 1231.0 118.0 sa fame. assez estoit lune lautre amere. Sainz alixis

1856.0 1567.0 1285.0 109.0 estoit en la meson ⁊ menoit mout sainte uie en ieu.

1852.0 1664.0 1265.0 112.0 nes ⁊ en oroisons. la maisniee som pere qui ne le cog

1852.0 1748.0 1244.0 107.0 noissoient. ⁊ quil quidoient que ce fust uns poures

1849.0 1824.0 1320.0 128.0 hom mendiz. ⁊ li faisoient souuentes foiz mľt danuiz

1846.0 1930.0 1268.0 116.0 ⁊ mľt de hontes. Cil qui les escueles ⁊ les hennas la

1846.0 2018.0 1289.0 118.0 uoient li getoient laigue sor la teste ⁊ le cuidoient es

1849.0 2112.0 1292.0 118.0 mouuoir en ire. Mais li sainz hom tout ce soufroit

1846.0 2194.0 1311.0 124.0 a grant ioie ⁊ a grant pacience. Car sil uossist ce li fust

1840.0 2282.0 837.0 124.0 tost amende que cestoient si serf.

1980.0 2379.0 1137.0 127.0 este uie ⁊ ceste chose souffri sainz alexis .xuii.

1989.0 2464.0 1128.0 133.0 anz en la maison som pere que onques nus nel

1831.0 2573.0 1280.0 124.0 recognut ne ne sorent que il fu. Tant que ce uint a .i.

1831.0 2664.0 1268.0 118.0 ior que nostre sires nost receuoir. la soe ame ⁊ metre

1834.0 2749.0 1292.0 121.0 en ioie parmenable por la dolor quil auoit eue ⁊ sof

1825.0 2837.0 1262.0 115.0 ferte en la uanite de cest siecle mortel. lors apela ce

1822.0 2931.0 1298.0 112.0 lui qui le seruoit si li dit. quil li aportast ancre ⁊ par

1822.0 3018.0 1286.0 113.0 cheminz si escrit toute sa uie coument il auoit ale ⁊

1828.0 3103.0 1274.0 113.0 coument il auoit esploitie.⁊ coument il sestoit par

1822.0 3188.0 1259.0 125.0 tiz aus noces de sa fame ⁊ coument il auoit done

1822.0 3276.0 1256.0 124.0 a sa fame lennel dor ⁊ la cainture enuolepee en .i.

1819.0 3364.0 1286.0 124.0 drap de soie. ⁊ si escrit les faiz de son pere ⁊ de sa mere

1810.0 3443.0 1304.0 136.0 por ce quil seussent quil estoit lor filz. Qnͣt il ot tote

1813.0 3546.0 1280.0 133.0 la chartre escrite il bailla a celui lencre ⁊ le parche

1816.0 3637.0 1277.0 112.0 min mes la chartre ne li bailla il pas einz la tint en

1813.0 3716.0 1286.0 136.0 sa main toute ploiee. Ensi remest la chose iusques

1813.0 3813.0 1280.0 133.0 au diemenche. que li apostoiles ⁊ li empereor estoi

1804.0 3894.0 1298.0 134.0 ent au mostier por oir le seruice. Et qnͣt la messe fu

1807.0 3985.0 1253.0 134.0 chantee droit apres le pocommenion fu oie une

3308.0 193.0 219.0 116.0 113.
