3615 5508
655.0 321.0 1270.0 134.0 niee. Quant la dame oi la parole de son baron ele fu si liee

648.0 419.0 1286.0 134.0 quele li chei de ioie aus piez ⁊ dit. Nr̃e sires te puisses es

642.0 523.0 1298.0 125.0 forcier de faire les noces ton fil si que ie le uoie. ⁊ que ma

645.0 621.0 1329.0 122.0 me en soit esleeciee. ⁊ li doint bonne uolente de conforter

648.0 706.0 1307.0 135.0 les poures ⁊ les besoigneus daumosnes droiturieres. Si

651.0 804.0 1289.0 129.0 com il le deuiserent ensi le firent. Car eufemianus fist

648.0 896.0 1332.0 129.0 espouser son fil tantost a une ml̾t gentil fame qui estoit

655.0 991.0 1304.0 119.0 de roial ligniee ⁊ furent assamble par mariaige ou mos

648.0 1077.0 1304.0 137.0 tier saint boniface qui encor est en la cite de rome. Qnͣt

655.0 1178.0 1313.0 125.0 il furent uenu dou mostier. il furent mene en la cham

658.0 1269.0 1307.0 126.0 bre qui ml̾t estoit richement apparoilliee ⁊ encortinee de

658.0 1355.0 1282.0 122.0 dras de soie de diuerses mennieres. Grant feste iot tout

661.0 1435.0 1301.0 147.0 le ior. ⁊ grant leesce car eufemianus ⁊ sa fame estoiẽt

667.0 1533.0 1292.0 137.0 si lie de ce quil ueoient lor fil si plain de grant biaute ⁊

670.0 1640.0 1295.0 122.0 si saige. ⁊ de ce quil estoit de cel aaige quil auoit prise

664.0 1713.0 1301.0 141.0 fame quil ne sauoient quil poissent faire de ioie. Qnͣt

664.0 1820.0 1279.0 113.0 uint a la uespree eufemiens dit a son fil. Biau filz ua

667.0 1906.0 1307.0 128.0 en la chambre gesir auoc tafame. Donc entra. li iouen

667.0 1998.0 1295.0 113.0 ciaux en la chambre. si trouua sa fumie seant sor .i. sie

670.0 2068.0 1273.0 141.0 ge ⁊ li donna .i. annel dor ⁊ une cainture enuolepee

673.0 2160.0 1301.0 141.0 de drap de soie ⁊ dit Prenez cez choses ⁊ gardez les bien

676.0 2264.0 1313.0 128.0 tant com dieu. plaira. en ramembrance de moi ⁊ diex

670.0 2353.0 1289.0 125.0 soit auoc uos. ⁊ encor dit il ali une autre chose priuee

673.0 2457.0 1071.0 116.0 ment que la pucele entendi bien ⁊ retint.

811.0 2539.0 1160.0 114.0 donc issi sainz alexis de la chambre si prist or ⁊ ar

814.0 2640.0 1184.0 114.0 gent tant com lui plot ⁊ issi fors des genz ⁊ fors

685.0 2714.0 1258.0 128.0 de la sale que onques nus ne le sot. ⁊ a tele hore en

673.0 2821.0 1301.0 128.0 issi que nus ne le sot de la cite de rome. ⁊ ala tant qͥl

664.0 2913.0 1347.0 122.0 uint a kapes. La trouua il une nacele ci entra enz ⁊ ala

682.0 3011.0 1286.0 116.0 tant par aigue quil uint a la cite del megne. Dõc issi

673.0 3096.0 1359.0 113.0 il de la nacele si encontra genz qui menoient bestes char

685.0 3188.0 1267.0 113.0 giees auoc les quiex il entra en la cite. ⁊ ala tant quil

688.0 3277.0 1326.0 116.0 uint au mostier nostre dame sainte marie. La uit il une

685.0 3362.0 1289.0 117.0 ymaige faite en samblance de crucefi. qui onq̃s na

688.0 3454.0 1304.0 110.0 uoit este faite par mains dome. ainz lauoit nr̃e sires

688.0 3540.0 1310.0 122.0 donnee a agabaron le roi en sa cite. A donc uendi saĩz

697.0 3635.0 1289.0 122.0 alexis les choses quil auoit aportees ⁊ les donna ⁊ de

694.0 3720.0 1283.0 120.0 parti aus poures ⁊ a ceus qui besoing en auoient

685.0 3815.0 1283.0 107.0 ⁊ ses dras meismes uendi il ⁊ acheta plus poures

704.0 3904.0 1255.0 110.0 ⁊ le remennant departi il ⁊ donna si com il le sot

707.0 3993.0 1276.0 101.0 miauz departir por lamor ur̃e seigneur. a donc ala

700.0 4078.0 1292.0 144.0 il en laitre nostre dame seoir auoc les poures. ⁊ q̃rre

1864.0 36.0 391.0 181.0 .cxuii.

2124.0 312.0 1252.0 128.0 les aumosnes ⁊ ce quen li donnoit departoit il tantost

2115.0 425.0 1258.0 104.0 a ceus que il ueoit qui besoigneus estoient. Dou tout

2115.0 504.0 1252.0 123.0 auoit mis son cuer ⁊ sa pensee en nostre seignor ⁊ es

2121.0 605.0 1252.0 123.0 toit assiduelment en ieunes ⁊ en oroisons aflechiz

2124.0 691.0 1249.0 129.0 genox. La nuiz qnͣt il fu ensi partiz de la cite de rome ꝯ

2124.0 786.0 1252.0 128.0 ie uos ai dit ⁊ conte len le quist ⁊ demanda len ꝑtot

2133.0 881.0 1234.0 119.0 Mais en nen pooit point trouer. ⁊ si i mist len ml̾t

2133.0 973.0 1240.0 116.0 grant painne mes il ni estoit pas La granz ioie fu

2130.0 1058.0 1255.0 120.0 tornee en tristesce. Li peres qui dolanz estoit lenuoia ꝑ

2139.0 1153.0 1255.0 113.0 tout querre a sa maisniee. tant que lune partie enuĩt

2136.0 1245.0 1243.0 125.0 a la cite ou sainz alixis estoit. la le trouuerẽt mes il ne le

2139.0 1346.0 1243.0 119.0 cognurent pas ⁊ le trouuerent a laumosne auoc les au

2136.0 1432.0 1252.0 122.0 tres poures ⁊ pas non cognurent si sen retornerẽt ⁊ li

2142.0 1530.0 1234.0 113.0 sainz hom les cognoissoit ml̾t bien. si en looit nrẽ seig

2145.0 1615.0 1243.0 110.0 nor ⁊ disoit Biau sire qui laumosne me feis receuoir de

2154.0 1716.0 1237.0 101.0 ma maisniee proprement par ton saintisme nõ ie te

2151.0 1808.0 1252.0 101.0 rant graces qui ies urais diex ⁊ donz ⁊ pitens ⁊ mise

2151.0 1897.0 1249.0 104.0 ricors. Cil qui saint alexi queroient retornerẽt arriers

2151.0 1979.0 1258.0 104.0 a rome ⁊ noncerent au pere quil ne le pooient trouuer.

2154.0 2080.0 1240.0 101.0 Sa mere demenoit si grant duel come nus porroit ꝯ

2148.0 2163.0 1252.0 107.0 ter ne dire. ⁊ gisoit toute estendue a terre ⁊ disoit quele

2151.0 2261.0 1249.0 101.0 ne seleueroit iusqua tant quele aueroit de son fil oi

2154.0 2347.0 1228.0 107.0 es aucunes noueles. Ses mariz nauoit geu ali des

2161.0 2426.0 1224.0 113.0 a donc que ses enfes auoit este engendrez. ainz sestoi

2161.0 2539.0 1255.0 104.0 ent tenu de lor uolente faire por ce que li enfes pleust

2164.0 2622.0 1230.0 98.0 a nostre seigneur ⁊ fust ententis a ses oeures. Ensi fu

2161.0 2711.0 1245.0 113.0 sainz alixis en laitre nostre dame .xuii. anz ⁊ nosoit

2161.0 2802.0 1239.0 117.0 entrer en leglyse por ce quil cuidoit quil ne fust pas

2161.0 2897.0 1236.0 107.0 dignes. Tant que ce uint une nuit que lymaige nr̃e

2164.0 2995.0 1233.0 104.0 dame sapparut au soucretain de labeie si li dit. Fai en

2167.0 3081.0 1221.0 116.0 trer ceanz lome dieu qui la fors est. car il est dignes

2170.0 3170.0 1230.0 113.0 dauoir le regne dou ciel. Soroisons est oie deuant nr̃e

2173.0 3243.0 1236.0 138.0 seigneur. ⁊ li sainz esperiz se repose auoc lui ⁊ la resplã

2173.0 3338.0 1221.0 116.0 dois de son uiaire est ausi ueue deuant les anges cõ

2173.0 3433.0 998.0 131.0 la respiandois dou soloil est sor la terre

2329.0 3522.0 1068.0 122.0 uant nr̃e dame ot ce dit ele se parti de celui. ⁊ cil

2314.0 3601.0 1089.0 135.0 issi fors de leglyse por querre le saint home il

2194.0 3687.0 1206.0 138.0 ne le pot pas trouuer. car il ne sauoit pas son nõ. ne

2191.0 3779.0 1194.0 143.0 ne le cognoissoit pas par ensaigne. Si pria a nr̃e

2188.0 3880.0 1203.0 131.0 seignor quil li demonstrast ⁊ ensaignast par sa

2188.0 3959.0 1197.0 144.0 grant misericorde ⁊ nr̃e sires si fist car une uoiz

2167.0 4045.0 1206.0 186.0 uint qui li dit Cil qui siet fors de leglyse ⁊ plus
