3387 4907
853.0 577.0 2075.0 148.0 disant en soy meismez que par aultrez moyẽ

856.0 708.0 1971.0 139.0 ne seroit Il mie digne de possesser terre

919.0 842.0 1835.0 120.0 se il nestoit la dez plus aduentureux ..

1172.0 959.0 1579.0 117.0 Econte dartois tout acertene du

1161.0 1074.0 1615.0 114.0 tournoy scachant le Iour ne pooit

1202.0 1188.0 1685.0 125.0 dormir de bon sõme tant estoit desi-

856.0 1311.0 2034.0 147.0 reux dyaller Au fort il fist apprester chaũls

856.0 1439.0 1977.0 120.0 et pagez harnois et faire Robez de parurez

859.0 1553.0 1988.0 131.0 tant Richement que Riens ny fu esꝑgnie

834.0 1682.0 1974.0 122.0 Et quant il uit que tempz fu de partir, Il

829.0 1799.0 1963.0 131.0 fist son departemẽt de sa uille darraz en sy

856.0 1919.0 1898.0 128.0 noble estat que trop seroit longue chose

846 2015 2131 148 atout dire, et se mist a chemin uers boulongᷠ ͤ

853.0 2161.0 1887.0 120.0 ou len auoit fait appareillier une grant

839.0 2273.0 2059.0 131.0 place audehors de la uille ou il y auoit hourdi

853.0 2398.0 1925.0 123.0 tentez et pauillons a sy grant nombre que

853.0 2513.0 1925.0 114.0 de ce uous sembleroit chose non creable du

842.0 2630.0 1985.0 117.0 Recorder, Et tant de geur y estoient uenus

845.0 2742.0 2023.0 131.0 de toutez pars cõe franchois englois alemãs

837.0 2876.0 2040.0 117.0 escochois et daultrez natiõns que belle chose

839.0 2987.0 2035.0 126.0 estoit a lez Regarder. Sy ne uint paz le conte

848.0 3113.0 2004.0 120.0 dartois sy soubdainemẽt que bien ne sceust

856.0 3230.0 1911.0 120.0 sa uenue celuy de boulongne qui autant

853.0 3342.0 1972.0 128.0 en fut esioy que de chose que piecha luy

850.0 3470.0 1838.0 103.0 aduenist pour le bien et eureusete

850.0 3573.0 1917.0 120.0 darmez dont le conte dartois son uoisin

845.0 3682.0 2018.0 153.0 estoit pare et Renõme, Que uous tendroit

814 927 368 446 L
