3426 4896
849.0 576.0 1986.0 150.0 tous pays prez et longtains pour ce que dez

843.0 709.0 1997.0 139.0 sa Ionesse par grant curiosite, Le noble Conte

838.0 824.0 1994.0 138.0 frequentoit et sieuoit tournois Ioustez et fais

843.0 946.0 1973.0 125.0 darmez en tous lieux ou il mieulx cuidoit son

843.0 1071.0 1995.0 128.0 corpz essayer et faire ualoir Sy en Raportoit

846.0 1183.0 1956.0 133.0 tousiours le pris et loenge dun chũn qui le

843.0 1305.0 1987.0 120.0 tenoit en grant chierte crainte et amour pour

838.0 1414.0 1975.0 122.0 lez uaillancez qui par luy estoient achieueez

824.0 1534.0 1965.0 122.0 Et tant luy estoit doulx et plaisant lexcercite

838.0 1659.0 2005.0 136.0 darmez que ce quil sembloit aux aultrez grãt

821.0 1781.0 2036.0 136.0 paine et traueil ne luy estoit que tout gracieux

832.0 1890.0 1851.0 130.0 Repoz. Et cõme Il eust acheue en ung lieu

835.0 2004.0 1989.0 142.0 Ioustez et tournois en exauchant son bruit Il se

824.0 2132.0 1908.0 128.0 Remetoit a trouuer et enquerir lez guerrez

840.0 2235.0 2003.0 139.0 et aidier audroit. Car aultrement neust le

835.0 2363.0 1956.0 136.0 noble conte sei armez porteez Il adouchoit lez

835.0 2486.0 1959.0 136.0 furieux, humilioit lez orgueilleux appaisoit

827.0 2605.0 1986.0 134.0 lez discordez, et brief faisoit tant que par sez

829.0 2714.0 1924.0 139.0 meritez Il estoit ame et. loe dez hõmez et

827.0 2826.0 1997.0 146.0 ame de dieu qui le faisoit croistre en toutte

805.0 2940.0 903.0 141.0 Ioye et hõneur..

1167.0 3068.0 1690.0 144.0 ystoire dit que le noble conte dartois

1123.0 3198.0 1726.0 139.0 aprez ce quil eubt par longue espasse

1176 3325 1653 126 de tempz poursieuy lez armez et que

816.0 3440.0 2016.0 131.0 plus ne trouuoit a soy employer Car aussy

772.0 3555.0 2079.0 136.0 ne puet paz tousiours estre guerre Il se mist.

840.0 3677.0 2011.0 141.0 au Retour uers sa conte dartois ou dieux scet

755 3066 404 361 L
