3426 4843
785.0 538.0 2024.0 145.0 descriptes au long ne misez en cõmun cõpte

804.0 675.0 1854.0 121.0 tant soient ellez dignez de memoire et

764.0 785.0 1857.0 119.0 Recõmendation. Toutefuoiez lez uolentifz

791.0 909.0 1827.0 124.0 liseurs desirans nouuelles chosez ueoir

783.0 1033.0 1902.0 113.0 porroient. au lire quelque pou prendre

793.0 1143.0 2000.0 126.0 de plaisir et recreer leurs esperis cõme moy

793.0 1259.0 1976.0 126.0 quy en lisant pluiseurs uolumez et traittiez

791.0 1374.0 2034.0 132.0 me suis arreste a ung liuret qui fait mencoñ

777.0 1501.0 1922.0 121.0 dez haultez entreprisez amours et beaulx

780.0 1614.0 1895.0 113.0 fais darmez dun Conte dartois dont la

769.0 1738.0 1970.0 129.0 narration se fera cy apprez au moins mal q̃

761.0 1848.0 1895.0 126.0 Ie porray soubz la correction de ceulx quy

780.0 1969.0 1951.0 118.0 mieulx la cheueroiẽt que cõmenchier ie ne

769.0 2082.0 1900.0 132.0 le scauroye. Suppliant que mez faultez

777.0 2200.0 1844.0 121.0 Y soyent excuseez et corrigiez doulcement

767.0 2319.0 1951.0 118.0 Car en ceste petite oeuure Ie ne doy estre

745.0 2421.0 1983.0 129.0 Reputte que lescripuain qui escript ce quil

780.0 2547.0 2027.0 122.0 a trouue ez aultrez uolumez dont la substãce

777.0 2655.0 832.0 132.0 sensieult..

745.0 3115.0 1870.0 143.0 Cõment le Conte dartois se party

753.0 3269.0 1892.0 110.0 darras pour estre au tournoy qui se

753.0 3355.0 1865.0 161.0 deuoit faire a Boulongne et de sez

729.0 3462.0 875.0 148.0 uaillances.
