3468 4903
580.0 563.0 2005.0 164.0 de sa Ioie listorien loing procez Il a la gran-

585.0 713.0 1877.0 134.0 dement acompaignie au deuãt de luy

561.0 833.0 1972.0 128.0 Sy deuez croire que alencontrer y eult beau

561.0 953.0 1958.0 128.0 Recueil bien uiengnãs et conIoyssemens et q̃

582.0 1062.0 1880.0 144.0 hõneur y estoit bien en bruit, Et achief

585.0 1182.0 1864.0 136.0 de touttez Reuerencez et parollez amiablez

593.0 1296.0 1943.0 147.0 ainsy que lez seigneurs cheuauchoient uers

593.0 1421.0 1946.0 131.0 la porte de la uille, Le conte de boulongne

588.0 1536.0 1972.0 125.0 demanda ã conte dartois se Il auoit Intencion

588.0 1653.0 2000.0 144.0 de tournoyer A quoy Il Respondy, sans dire

585.0 1765.0 1970.0 147.0 wy, ou nan il, par foy sire si souffira assez

596.0 1884.0 1970.0 158.0 se Ie uoy ce qui se fera, et ce disoit le conte

591.0 2007.0 1920.0 123.0 pourtant quil uouloit entrer au tournoy

574.0 2119.0 1992.0 149.0 Incongnu cõme cy apprez porrez oyr, Et ainsy

599.0 2244.0 1948.0 136.0 deuisant dunez et daultrez ilz ariuerent

596.0 2358.0 1945.0 137.0 droit au logis qui estoit Retenu et p̃pare

591.0 2476.0 1909.0 138.0 pour Rechepuoir le conte dartois, Et Illeca

596.0 2582.0 2030.0 160.0 descendy le Conte dartois Non obstant quil

569.0 2712.0 1910.0 142.0 uolsist a toutez fins conuoyer, le conte de

558.0 2841.0 2008.0 136.0 boulongne Iusquez a son chastel, mais mie

593.0 2963.0 1082.0 142.0 nen fist a son uoloir..

909.0 3061.0 1733.0 158.0 pprez ce que le conte dartois fu descẽdu

918.0 3195.0 1686.0 130.0 de son cheual et que grans hõneurs

610.0 3314.0 1939.0 148.0 eurent fais, lez deux Contez lun a

596.0 3421.0 1967.0 133.0 lautre et le gracieux congie pris et donne

596.0 3535.0 2079.0 144.0 Celuy de boulongne se Retray en son chasteau

610.0 3650.0 2035.0 166.0 tant Ioieulx pour la uenue du conte dartois

2846.0 245.0 191.0 141.0 iiii

2680 4709 175 169 a.iiii
