3468 4903
558.0 555.0 2046.0 185.0 La grant Ioye que lez siens firent de sa uenue

566.0 705.0 2000.0 142.0 et cõment Il le bienuiengnerẽt et hõnourerẽt

577.0 833.0 1926.0 153.0 cõme subgez doibuẽt faire a leur seigneur

566.0 958.0 1926.0 139.0 Et dist listoire quil se tenoit uolentiers en

577.0 1073.0 1953.0 141.0 la uille darraz ou Il se dõnoit du bon tempz

574.0 1190.0 1994.0 128.0 auecquez sez hõmez et amis qui le uenoiẽt

544.0 1299.0 2005.0 150.0 uisiter hõnourablement pour la ualeur de sa

566.0 1416.0 1850.0 142.0 persõne et Il ne failloit. a eulx de Riens

563.0 1530.0 1932.0 145.0 Receullir chũn selon son degre et festoyer sy

582.0 1656.0 1954.0 149.0 a point que tous en estoiẽt contempz, Or est

591.0 1786.0 1888.0 134.0 ainsy que dura ce tempz auoit ung conte

596.0 1895.0 1872.0 134.0 a boulongne hõme de grant lieu et bien

566.0 2007.0 2032.0 142.0 Renõme Lequel tant pour ueoir le basselage

596.0 2127.0 2030.0 133.0 tant dez noblez de son pays cõme pour baillier

593.0 2247.0 2025.0 144.0 congnoissance dune siẽnne fille qui son heri-

599.0 2372.0 1972.0 125.0 tiere estoit tant belle et tant parfaitte en

596.0 2497.0 1983.0 120.0 tous biens que dieu et nature ny auoient

585.0 2601.0 1981.0 136.0 Riens laissie a faire Auoit fait publyer ung

604.0 2726.0 2019.0 128.0 tournoy par tout lez Royalmez de france den-

610.0 2843.0 2046.0 142.0 gleterre descoce et dallemaigne et Iour assigne

591.0 2966.0 2037.0 133.0 pour uenir a boulongne quiconquez uouldroit

604.0 3086.0 1924.0 136.0 faire parler de luy et acquerir hõneur

607.0 3211.0 1858.0 125.0 desquellez nouuellez oyr eult parfaitte

602.0 3328.0 1931.0 123.0 plaisance Le noble conte dartois qui trop

615.0 3440.0 1874.0 120.0 emus se fust tenu dyaller. Anchois tant

621.0 3562.0 1967.0 137.0 estoy que plus estre ne pooit conclus de soy

623.0 3677.0 1965.0 141.0 y trouuer et se monstrer tel cõme il estoit

2868.0 245.0 68.0 139.0 iii
