8553 5974
1825.0 783.0 1328.0 239.0 Autre grace normande en latin.

1460.0 909.0 2429.0 318.0 Arolus dei gratia francorum Rex. Uniuersis ⁊c. Notum

1466.0 1198.0 2523.0 146.0 facimus nos de gracia spãli concessisse tali ⁊ eius uxori. ut

1098 1307 2818 133 ipĩ tam coniunctun ꝙͣ diuisim in omĩb causis suis motis ⁊

1062.0 1400.0 2950.0 116.0 mouendis contra quostũq suos aduerẜ coram quibuscũq Iudicib

1098.0 1493.0 3014.0 119.0 Regni nr̃i secularibz agendo ⁊ defendendo per proturatorẽ seu actornatũ

1128.0 1593.0 2758.0 126.0 legitime constitutum per suas pateñ lrãs sub sigillo nrõ seu alio

1148.0 1682.0 2921.0 126.0 autentiquo sigillatas in statario ⁊ exͣ usq ad animum adiunctantur

1145.0 1785.0 2914.0 126.0 Et ꝙ id procurator seu atornatꝰ adior ͭ ͣ ⁊ deliberatõnes namptor. ⁊

1155.0 1875.0 2781.0 126.0 ualeat Requirẽ causas ⁊ querelas mouẽ ⁊ motas prosequi ualere

1151.0 1964.0 2762.0 130.0 clamorem facẽ de foroburse breue seu breuia Recipe. Sustituere

1148.0 2064.0 2771.0 136.0 unũ uel plures procuratores uel atornates qui similem in p̃misẜ

1151.0 2150.0 2768.0 146.0 hẽat seu hẽant ꝓtãtem. Et generalit̾ omnia ⁊ singula facẽ que

1158.0 2250.0 2711.0 142.0 dicti tales fac̾e possent si pñtes ⁊ personalr̃ interessent patrie

1164.0 2353.0 1700.0 129.0 ꝯsuetudinem non obstan. Datum ⁊c.

1213 2948 293 342 C

1895 2731 1161 216 Debitis ꝯmun en francois

1450.0 2960.0 2482.0 176.0 harles ⁊c. Au premier nr̃e sergent qui sur ce sera Requis salut

1506.0 3089.0 2470.0 127.0 Nous te mandons ⁊ commectons q̃ toutes les debtes bonnes

1510 3186 2536 132 ⁊ loyaulx congneues ou prouuees par l̾res tesmoings ĩstrum̃s

1198 3300 2838 118 confession de partie ou autres loyaulx enseignem̾s qui taꝑpront est̾

1194.0 3381.0 2742.0 120.0 deues atel, Tu lui faces paier tantost ⁊ sanz delay ou a son c̾tain

1201.0 3471.0 2791.0 139.0 commandem̃t. En contraingñ a ce les debteurs ⁊ chũn deulz par pͥnse

1201.0 3571.0 2748.0 112.0 uendue expletation de leurs biens meubles ⁊ Immeubles de tencoñ

1214.0 3667.0 2709.0 123.0 ⁊ emprisonnem̃t de leurs corps se mestier est ⁊ a ce sont obligiez. Et

1198.0 3753.0 2758.0 116.0 en cas doppoñ Reffuz ou delay nr̃e main suffisãment garnie auant

1208.0 3846.0 2711.0 130.0 tout euure des sommes contenues es lrẽs obligatoire fcẽs ⁊ passees

1198.0 3936.0 2781.0 152.0 soubz seaulx Royaulz. A diourne les opposans Reffusans ou delayãt

1211.0 4045.0 2648.0 120.0 ac̾tain ⁊ competant iour ou iours, pardeuant les Iuges eu leurs

1204.0 4128.0 2702.0 120.0 lieuxteñ, ausquelz la congnoissance en aꝑꝑtendra, pour due les

1224.0 4221.0 2665.0 126.0 causes de leur oppoñ Reffuz ou delay, Respondre proceder ⁊ aler

1231.0 4317.0 2738.0 130.0 auant en oult̾ selon Raison. En c̾tiffiant souffisãment audit iour

1221.0 4417.0 2725.0 219.0 ou iours lesdiz iuges ou leurs lieuxteñ de ce que fait en uauras.

4649.0 1032.0 2748.0 232.0 Ausquels nous mandons q̃ aux parties ycelles oyes facent bon ⁊ brief

4643.0 1234.0 2764.0 126.0 Non obstans quelzconques lectres destat de grace de Respit ou autres

4653.0 1337.0 2738.0 123.0 Impetrees ou a Impetrer par lesdiz debteurs ou aucun deulz, Sur le

4653.0 1427.0 2824.0 122.0 Respit ⁊ dilacion de leurs debtes paier, ausquelles ilz auront Renõcie

4663.0 1516.0 2844.0 136.0 par foy ⁊ s̾ement. Se en Iceelles nest fcẽ expresse ⁊ espãl mencion des

4659.0 1612.0 2705.0 120.0 Renõciation foy ⁊ s̾ement dessusdiz. Mandons ⁊ commandons

4656.0 1705.0 2718.0 140.0 a tous noz iustic̾s offic̾s ⁊ subgez q̃ a toy en ce faisant obeissent ⁊

4659.0 1795.0 2851.0 143.0 entendent diligẽment. Tontesuoyes nous te defendons ꝯgnoissañ

4643.0 1895.0 2645.0 139.0 de cause. Ces pñtes a pres un an non ualables. Donne ⁊c

4646 2513 337 374 K

5303.0 2363.0 923.0 229.0 Debitis ꝯmun en latin

4981.0 2535.0 2403.0 173.0 Arolus ⁊c. Pͥmo s̾uienti nrõ qui super hoc fuerit Requisitus

4985.0 2655.0 2439.0 126.0 salutem. Tibi cõmictimus ⁊ mandamus quat̾s omiã debita

4985.0 2744.0 2412.0 146.0 bona ⁊ legalia legitime recognita uel probata ꝑ testes licteras

4646.0 2831.0 2785.0 156.0 instrumenta confessionem partis, aut alia legitiã docum̃ta que tali

4649.0 2933.0 2712.0 136.0 deberi noueris eidem aut euis certo mandato ꝑsolui facias indilate

4649.0 3030.0 2808.0 129.0 Debitores ipõs ad hoc per captionem uendicionem ⁊ expletatoem̃ bono ⁊c

4653.0 3133.0 2748.0 126.0 suorum quoꝵcũq corporumq eorumd̾ detentionem se necesse fuerit

4656.0 3209.0 2732.0 133.0 et ad hot spãlr̃ obligati existant unalr̃ ⁊ debite compellendo. Et

4663.0 3305.0 2864.0 143.0 in casu oppõicoit̾ manu urã usq ad summas in lr̃is obligatoriis sigillis

4659.0 3405.0 2785.0 132.0 Regiis sigillatꝭ contentas suffitient munita. Opponeñ ad c̾tam ⁊

4663.0 3518.0 2731.0 112.0 competentẽ diem seu c̾ros ⁊ competeñ dies coram iudicib ad quos

4659.0 3591.0 2805.0 136.0 huiõi cognitio ꝑtinebit adiornes. sup dtã oppõne processuros ⁊ uit̾ius

4663.0 3680.0 2837.0 146.0 fattur̃ ut fuit Racionis. de huiõi adiornamento ⁊ aliis q̃ in p̾missis

4663.0 3786.0 2725.0 113.0 fec̾is dtõs iudices ad dtñ diem seu dies certifficande competent̾

4663.0 3879.0 2671.0 116.0 quib mandamꝰ quats̃ partib ipĩs auditis exhibeant bonũ ⁊ breue

4673.0 3972.0 2768.0 116.0 Iusticie complementũ Non obstañ quibustũq lrĩs status aut graciis

4659.0 4065.0 2825.0 103.0 a nobis seu curia urã super Respectu uel dilatione huiõi soluend̾ debit

4656.0 4155.0 2785.0 129.0 concess̾ aut etiam contedend̾ quib ꝑdtos̃ debitores fide ⁊ iuram̃to

4663.0 4244.0 2794.0 123.0 int̾uenientib Renũtiatum extit̾it de dtis̃ fide ⁊ Iura ͭ ͦ expressã mĩme

4656.0 4331.0 2732.0 139.0 facientib mentoẽm. Ab omĩb aut̾ Iusticiariis officiarꝭ ⁊ subditis

4663.0 4430.0 2778.0 189.0 nrĩs tibi in hac parte pareri uolamus efficacit̾ ⁊ intendi. Uolumus

7348 791 224 219 iiiͤ.
