8568 5930
2010.0 925.0 1255.0 168.0 Autre grace pour deux ꝑsonnes.

1449.0 1021.0 2587.0 204.0 harles ⁊c A tous ⁊c Sauoir faisons nous de grace espał auoir

1463.0 1176.0 2534.0 148.0 octroye atel ⁊ a sa femme. Que eulz tant conioincttem̃t comme

1449.0 1268.0 2637.0 145.0 diuiseement en toutes leurs causes ⁊ quereles menes ⁊ a mouu̾on

1038.0 1363.0 2837.0 132.0 contre tous leurs aduersaires pardeuant tous iuges seculr̃s de nr̃e

1110.0 1456.0 2788.0 145.0 Royaume en demandant ⁊ en defendant soient Receuz par procur en

1113.0 1554.0 2001.0 142.0 parlement ⁊ dehors iusques a un an. Donne ⁊c

1753.0 2068.0 781.0 175.0 Autre grace en latin

1469.0 2161.0 2676.0 197.0 Arolas dei gracia francorum Rex. uniuersies pñtes litteras especturis

1459.0 2299.0 2604.0 152.0 salutem. Notum facimus nos de gracia spãli concessisse diltĩs

1403.0 2404.0 2617.0 136.0 nrĩs de cano ⁊ Capitulo ecclĩe aurelianẽn. ut ipĩ tam conuinctun

1130.0 2493.0 2814.0 135.0 ꝙͣ diuisim in omnib suis causis ⁊ querelis motis ⁊ mouendis contra

1143.0 2579.0 2831.0 155.0 quostumq suos aduersarios coram quibuscũq iudicib Regni nr̃i sclãrib

1143.0 2684.0 2745.0 132.0 agendo ⁊ defendendo in parlamento ⁊ extra per procuratorẽ usq ad

1156.0 2780.0 2814.0 135.0 annum admitantur. Datum Bictaris .xxuii ͣ. die Iunii Anno dñe

1153.0 2869.0 2705.0 155.0 millesimo quadringentesimo uicesimo quinto. Regni uero nr̃i tercio.

1272.0 3093.0 2629.0 191.0 Nota que en une lectre de grace a plaidier par procureur. quant on

1067.0 3251.0 2814.0 129.0 la ueult impetrer pour deux ou pour pluseurs personnes qui en ont

1156.0 3340.0 2712.0 132.0 a faire en diuerses choses ou Ilz ne sont pas consors ne cõmũs Il y

1153.0 3436.0 2728.0 108.0 conuient mettre conioinctement ⁊ diuiseement, Aut̾ment la grace

1156.0 3515.0 2781.0 148.0 ne leur uauldroit Riens en Icelle cause. Aussi quant cest pour hõme

1159.0 3630.0 2732.0 112.0 ou pour femme mariez, On y doit mectre conioinctem̃t ⁊ diuiseem̃t

1153.0 3722.0 2699.0 122.0 Pardeuant tous Iuges seculr̃s, pource q̃ en court deglise on nen use

1156.0 3808.0 2811.0 132.0 point. Item quant la personne qui demande grace aplaidier, a bail

1159.0 3903.0 2769.0 119.0 gouu̾nem̃t ou tutele denfans. Il est de neccessite de lui mectre se on

1150.0 3992.0 2748.0 126.0 sen ueult aidier en celle qualite ⁊ ne dure la grace q̃ un an ne q̃ fait le

1169.0 4085.0 2647.0 115.0 debitis Item nota que en langue doc ⁊ es aut̾s pais qui sont

1159.0 4167.0 2904.0 152.0 gouu̾nez selon droit escript on na q̃ faire de teles lr̃es de grace aplaider

1169.0 4269.0 1922.0 194.0 ⁊ sont Receuz par procureur sanz lectre Du Roy.

5041.0 968.0 2446.0 303.0 harles par la grace de dieu Roy de france. A tous ceulz ⁊c

5035.0 1189.0 2498.0 191.0 Sauoir faisons nous de grace espãl auoir octroye A tel ⁊ a sa

5051.0 1301.0 2452.0 151.0 femme. Que eulx tant conioinctement cõme diuiseem̃t

4600.0 1400.0 2926.0 168.0 en toutes leurs causes ⁊ quereles meues ⁊ amouuoir contre tous leurs

4686.0 1475.0 2903.0 175.0 aduersaires pardeuant tous iuges seculr̃s de nr̃e Royaume en demãd

4682.0 1587.0 2758.0 162.0 ⁊ en defendant. Soient Receuz par procureur ou actourne souffis̾

4669.0 1663.0 2808.0 185.0 establi par procuracoñ ou actournee fceꝰ ou a faire soubz leurs seel

4679.0 1755.0 2854.0 195.0 ou seaulz, ou de leur seneschal bailly uĩconte ou dautre seel autentiq̃

4672.0 1861.0 2755.0 178.0 en parlement eschiquier ⁊ dehors iusques a un an. Et que Icelui

4669.0 1953.0 2847.0 185.0 procureur ou actourne ainsi establi puisse requerir a diournement ou

4672.0 2062.0 2821.0 161.0 adiournemens deliurance de namps et de fiefz, mouuoir ⁊ Intenter

4676.0 2134.0 2722.0 181.0 toutes causes ⁊ quereles. Icelles poursuir ⁊ mener a fin deue faire

4676.0 2230.0 2768.0 184.0 clain ou clains de marchie de bourse, prendre ⁊ Receuoir brief ou

4666.0 2325.0 2863.0 195.0 briefz. Substituer ⁊ establir en lieu de lui ung ou pluseurs ꝓcur̃s

4669.0 2424.0 2814.0 178.0 ou actournez qui ait ou aient semblẽ pouoir. Et generalment de

4672.0 2510.0 2785.0 194.0 faire ⁊ faue feꝰ autant en toutes choses, comme lesdiz telz ⁊ chũn

4666.0 2609.0 2751.0 197.0 deulz feroient ⁊ faire pourroient se pñs y estoient, Non obst

4659.0 2708.0 2363.0 187.0 La coustume du pais a ce contraire. Donne ⁊c

4686.0 2829.0 2764.0 224.0 ¶ Nota q̃ en une lr̃e de grace a plaidier par procureur en normãdie

4676.0 2974.0 2764.0 188.0 y fault adiouster toutes ces clauses dessus escriptes, Cest assaũ

4669.0 3073.0 2732.0 181.0 par procur̃ ou actourne suffisamm̃t fonde ⁊c. Et se celui ou ceulz

4672.0 3175.0 2647.0 168.0 qui ueulent la grace sont nobles cõmuintez en eglises, euesques

4669.0 3281.0 2640.0 164.0 Abbez chappit̾, ou aut̾s gens qui aient seaulz autentiq̃s iur̃d̾

4686.0 3376.0 2702.0 155.0 ⁊ iustice soubz eulz, on y doit mettre ces motz par procuracõn ou

4686.0 3462.0 2659.0 165.0 actournee ftẽ ou a faire soubz son seel ou seaulz, ou du seel ou

4666.0 3554.0 2682.0 165.0 seaulz de son seneschal ou seneschaulx ou dautre seee autentiq̃

4672.0 3646.0 2745.0 168.0 en parlement eschiquier ⁊ dehors Iusques a un an ⁊c, Et se cest

4682.0 3755.0 2693.0 155.0 pour simples gens de uillage marchans ou aut̾s priuees ꝑsonnes

4676.0 3824.0 2659.0 185.0 Il ne fault mectre seulement q̃ ces motz fcẽ ou a faire soubz seel

4672.0 3936.0 2670.0 172.0 autentiq̃ en ꝑlement eschiquier ⁊c̾ pour ce quilz nont pas seaulz

4666.0 4029.0 2692.0 145.0 et silz en ont ne sont ilz pas congneuz ou approuuez. Item nota q̃

4672.0 4121.0 2703.0 165.0 par cestes lrẽs de grace on ne seroit pas Receu par procurꝰ en cas de

4672.0 4213.0 2686.0 191.0 t̾me ne la ou Il y auroit adiournement a comparoir ꝑ procureur.

5401.0 764.0 1140.0 214.0 Grace normande en francois
