4486 6817
591 912 1454 190 en un bois qui pres delluc estoit ⁊ tint toutes uo

591 1011 1454 193 ies lẽfant ẽbracie ⁊ il estoit ia auques aiorne

594 1121 1455 170 mes mõt estoit ẽcore matinz ⁊ il pancoit que il le

598 1223 1436 159 porteroit iusque a une fontene ⁊ le gieteroit de

598 1314 1451 174 darz ⁊ illuc noie̾ le lasseroit ne il ne uouloit a

606 1427 1455 159 nului ceste chose dire por ce que il ne uoloit pas

606 1518 1458 144 que lamorz de si petite creature li tornast areische

761 1617 1303 140 uant li roys fu tresques abois uenuz atout

617 1708 1440 147 ẽfent. il enꝯtra .i. ch̾r ⁊ une dame il le sa

613 1806 1474 155 luent ⁊ le reconossent ⁊ li demãdent ou il aloit

617 1904 1463 148 si sous. ⁊ il lor dit quil uat en une seue besoine

617 2007 1459 125 ou il ne weut ꝯpaignie nule. Mes tostͤ Quãdia

617 2094 1466 144 Sil se departent a tant de lui entel meniere. Si ma

621 2192 1459 129 it dex dit la dame qui aues le ch̾r chiuachoit

625 2291 1470 140 cis roys ne ua mie si seus. senz acoison. Il pauce

621 2374 1470 144 afaire aucune felonie ou il la ia faite en ceu que

625 2461 1489 155 le disoit ceste parole. li anses que li roys portoit

625 2563 1474 144 ꝯmẽce abraire. Si q̃ li ch̾r ⁊ la dame lẽtẽdent bñ

621 2643 1485 159 .et a sarestent maĩtenant ⁊ dient entre loi. li rois

628 2745 1471 171 porte .i. anfant petit. Or aie ie dehaz se dit la dame se

632 2844 1459 144 ie ne uois ueoir a quel fin ceste chose uendra. si des

628 2942 1474 152 cent maĩtenant. ⁊ li ch̾rs li deffent quele ni uoit

625 3044 1462 148 ⁊ ele dit quele ira toutes uoies. Or ialez dont dit

632 3143 1482 148 li ch̾rs en tel meniere que li rois ne sen apersoiue

636 3257 1455 136 et ele dit que si fera ele trop bñ si sen uat apres

640 3332 1462 137 le roy adonc. ⁊ li ch̾rs se met atout ses .ii. chui

640 3427 1462 151 uax en la forast la ou il la uit plus apesse por ce q̃

644 3525 1455 125 li roys ne peut aperceuoir se il repãroit par illuc ꝑ

651 3635 1489 118 aucune auẽture. ⁊ li roys qui deuant cheuaucho

655 3711 1504 136 it touz seus ha tãt ale quil uint a la fonteine Si des

655 3817 1478 121 cẽt maĩtenant. et trait lẽfent desouz son mãtel

670 3931 1485 132 ⁊ le uoit trop bele creature de son aaige ⁊ pour

659 4018 1455 121 la beaute de lui li prent il toute uoies si grant pi

663 4120 1515 133 tie de lẽfant. quil dit que trop granz cruate serot ;

663 4230 1477 117 seil losioit de sa main. Meulz est il que il le giete

659 4325 1466 121 delez la fontene ⁊ que les bestes dou bois le maĩ

666 4412 1451 140 iussent que il locist des espee. ⁊ de ce est il touz ase

666 4510 1459 121 ur que delez la fõtene ne puet il demi ior demorer

666 4616 1467 140 que les bestes sauuaiges ne la uit deuore. Loiz le

666 4726 1478 129 giete deles la fõtene ⁊ mõte ⁊ sen reuient ⁊ cui

670 4817 1470 136 de bñ auoit lẽfent liure a mort. Ne onques ne si

674 4919 1462 125 ꝑcut de la dame qui deuant lui estoit repote en

678 5029 1477 114 une brece. Et maĩtenant que li roys se fu aloig

674 5101 1466 125 niez ele uat uers la fõtene ⁊ trueue lẽfent an

678 5215 1470 128 uelope en .i. drap de soie ele le prent entre ses bras

678 5328 1451 99 ⁊ le uit si bele creature de son aage quele dit

681 5393 1444 196 quil li est trop bñ auenu de ceste troueure si sã

2352 852 1467 193 uiẽt atant cele par ou ele auoit lessie le ch̾r. si

2349 996 1473 155 li mostre sa troueure. Et il en est si liez que ne

2352 1109 1467 136 puet pl̾ꝰ. Puis dit Dame bñ nous est auenuz

2345 1196 1493 140 Retornõz ⁊ metons lãfant en nr̃e recot et le fai

2360 1310 1478 136 sons norrir. Car encore ꝑ auãture porra il estre

2364 1405 1462 147 prodons. Einsuit uint li anfes asauuete la ou

2368 1503 1451 136 li roys lauoit abãdõne a destrucion. Mes a nr̃e

2375 1590 1489 140 soignour ne pleut mie quil morut si tost. Car

2371 1692 1463 133 la deuine porueuise ne si acordoit pas. Li ch̾rs qͥ

2379 1783 1481 133 le faisoit norir estoit apeles. ny̾coranz. proudons

2379 1882 1474 121 de sa loi.⁊ bons ch̾rs durement et la dame qui sa

2386 1992 1478 113 fãme estoit fu aplee maldule mout saige dame et

2386 2086 1493 110 mout cortoise. Mes de haut lignaige nestoit ele pas

2394 2162 1455 144 estraite. Il trouerẽt a lãfant norice ⁊ li baillerẽt

2394 2279 1466 106 en sa garde car trop estoit bele creature ⁊ plaisãt

2398 2389 1459 106 et por la beaute de lui laperẽt il appollo lauãturouz

2402 2454 1470 132 pour ce que ꝑ si bele auãture auoit este trouez nen

2405 2552 1489 117 ulz ne loioit nõmer qui seust porquoi on lapeloit

2409 2643 1463 136 einsuit fors ens .ii. ne sa norrice ne sauoit la u̾ite

2405 2749 1497 110 de son afaire. car li ch̾rs ne lauoit a nului descoru̾t

2405 2836 1489 140 Li anfes qui en lostel le ch̾r estoit einsint ꝯme ie uꝰ

2413 2927 1500 148 cont. Il crut ⁊ amãda tant meruoillousemẽt que

2417 3037 1477 144 tut cil qui le ueoient se meruoilloient de sa crois

2417 3143 1455 121 sãce et de son entẽdement. Mes atant lesse ore

2421 3241 1470 125 li ꝯtes a parler de lui ⁊ retorne a sa doht. pour ce

2421 3325 1451 128 ꝯter coment il eschapa dou peril de la mer ou li

2436 3423 659 121 marinier lauoient

2883 3499 1034 129 R dit li ꝯtes que quant li marini

2883 3605 1030 136 er orẽt gite sa doht en la mer il sen

2890 3696 1012 125 alerent. Et cil remest qui bñ cui

2890 3798 1008 136 doit estre morz. Il ꝯmenca anoue̾

2890 3904 1020 129 einsint ꝯme il pout. toutes uoies

2470 4003 1413 128 eschuat il uelõtie̾s la mort se il peust. Si uout

2444 4101 1433 159 mie grãment ale en tel meniere au nou que il troua

2421 4215 1485 117 une roiche. Il est mout lies de ceste auanture si sa

2447 4321 1459 106 isit la roche ⁊ monte sus au meuz quil pout et de

2447 4389 1493 140 more illuec tant que li iours uint beax ⁊ des ꝙͣt

2447 4510 1459 121 li iours fust uenuz et il pout ueoir la clarte ẽtor

2451 4601 1459 125 soi adonc fu il umpou pl̾ꝰ a aise quil nestoit deuãt

2447 4703 1474 129 Car il uit tout apꝑtement que la roiche ou auã

2455 4809 1466 121 ture la lauoit aporte estoit si granz et si haute qͥl

2455 4915 1462 114 nauoit garde de la mer ne de la tẽpeste pourquoi il

2451 4987 1485 148 se uousit traire amont. Si est mout liez de ce que

2455 5090 1477 155 dex la secorru en tel meniere. Mes dautre ꝑ est il m

2455 5192 1447 159 l̾t doulanz de sa fãme quil a einsint ꝑdue. Car

2458 5309 1440 129 iamais ne la cuide ueoir. Et quant il uint en

2455 5415 1447 163 droit heure de meidi que li iours fu auques.
