4498 6847
612 882 1431 221 ust de mort. Ha dex dient li marinier secor nous

601 1049 1434 160 et einsint dient tuit li autre. Ne il nauoit ẽ la

605 1144 1438 145 nef qui paiens ne fust. fors soulement sa doht et

593 1232 1458 156 sa fanme. Celui soir dura la tẽpeste gnͣz ⁊ espeon

593 1331 1469 148 tauble si que ce estoit meruoille aueoir ⁊ dura tou

593 1434 1465 144 te la nuit. Au londemain quant il dut aiorner. dit

586 1525 1480 148 uns uiez hons qui leurs estoit. Dist soignour ma

586 1612 1461 156 rinier sachiez que ciz oraiges ⁊ ceste tẽpeste que si

582 1723 1461 137 nous est auenue. nous ha dex fait. a enuoie por

582 1806 1465 145 le pechie daucũ deuous qui ceanz demoure. et sai

586 1898 1465 140 chiez que cil iest longuement nous sumes tuit

582 1981 1469 149 torne a mal. leanz auoit .i. marinier sortiseour qͥ

582 2088 1465 133 respondit a ceste parole. et dit ce saurai ie pruchi

586 2168 1449 140 enemẽt. Lors fist ses charmes ⁊ ses ꝯiuremenz

582 2274 1472 141 einsint ꝯme il les sauoit faire la meismes ou il e

586 2366 1472 136 stoient en tel peril. ⁊ apres redit. Uoir auez uous

582 2457 1480 156 dit. entre nous est ceanz pour cui cist doumaiges

582 2560 1488 152 est auenuiz. Et tuit li autre sacordent adonc que

582 2662 1495 137 maintenant fuist deleanz getez cil parcui cil dou

586 2754 1510 136 maiges uenoit a toute la ꝯpaignie. quant cil ou

589 2849 1523 148 troiemez fut fait. il reꝯmẽce a resortir pour sauoir

593 2959 1477 141 parcui cil destorbies lour auenoit. Et quant il o

589 3058 1519 137 rẽt gete lour sort. il trouerent que sa doht lour auoit

593 3161 1496 125 fait tel anuit et que cest tormẽz lor estoit auenuz

593 3256 1503 137 par som poichie Si uiẽnet maĩtenant a lui ⁊ li diẽt

597 3347 1507 129 issez fors de ceste nef. Et il est mont esmaiez quãt

597 3431 1484 140 il entẽt ceste parole si lour respont. se ie men is ou por

597 3533 1476 118 rai ie aler fors que sailir en ceste mer ⁊ il respõdẽt a

597 3613 1499 126 saillir ti couient ou nous ti geterons car nous uo

593 3701 1488 137 lons meuz que tu perissez sens que nous tuit. Et il

601 3815 1511 137 respont se ie peril ce nest mie meruoille car ie lai des

601 3921 1491 118 serui. ⁊ ie ma cort bñ a ce que uous dites. Quil est

608 4020 1481 137 meuz droiz que ie perisse sans que uous tuit. Mes

612 4134 1484 130 por deu puis que ie suis uenuz a la mort ⁊ il me co

616 4226 1480 133 uient morir pour uoz uies sauuer. Ie uous pri de

624 4328 1476 126 madame que ci est. pourtez li honour. et metez la

624 4420 1484 148 a sauuete car ele est atraite de haut linaige ꝯme ce

624 4507 1488 133 le qui ẽ fille au roi de babyloine. et quant il a dit

631 4606 1500 141 ceste parole il se ꝯmande a nr̃e soignour. Et cil lou

624 4728 1488 110 prẽnet maitenant ⁊ lou gietẽt en la mer. Apres

650 4811 1473 130 ce que il fuit getiez en la mer il ne demoura mie gnͣ

654 4907 1461 125 ment que la tẽpeste failli ⁊ la mer deuĩt coie ⁊

662 5013 1457 122 serie ⁊ la nef ꝯmẽca aler grant erre si ꝯme li uanz

665 5097 1447 121 qui fors estoit la faisoit aler grant erre par la

669 5207 1458 110 mer. ⁊ lors ꝯmẽca a aiorner. Et li marinier di

673 5298 1431 133 ent adonc bñ nous est auenuz quant pour la

677 5390 1442 194 mort dun soul honme sumes sauue. Et heli

2340 893 1492 156 de respont a donc ceste auenture me torne a duel ⁊ a da

2336 1042 1545 133 maige. Car por ce si iesui eschapee pour sa mort nai-

2340 1137 1507 106 ie mie grament guaanie car ie en usera des ormas le re

2336 1228 1503 122 menant de ma uie en duel ⁊ empourete si me fust meuz

2340 1319 1522 122 auenuz que ie aussenaue la mort auec lui a une foiz que

2344 1426 1522 122 languir des ormas en auant. Cil la ꝯfortent ⁊ dient ne

2340 1513 1514 137 uous amaiez mie dame car emsint ꝯuenoit li quil aue

2344 1612 1507 137 nist. et por ce se il est morz ne uous oblieront pas li deu

2355 1707 1469 130 ainz uous ꝯsoillerut en aucune meniere. cele ne lor

2351 1803 1488 129 respont riens ainz demõine toute uoie son duel ꝯme ce

2351 1901 1465 111 le qui mont est doulãte de la mescheance son soignour

2355 1981 1507 126 celui ior demorerent en la mer ⁊ la nuit autresi mes

2359 2073 1488 125 a landemein a heure de tierce lour auint quil uĩdrẽt

2359 2179 1473 137 a terre. Et se aucuns me demandoit ꝯment cil pais e

2363 2267 1518 140 stoit apelez. ie diroie que ce fut ou reaume de cornualle

2488 2345 1364 148 n cornualle a celui tẽps auoit .i. roi paiea qui esto

2465 2447 1376 126 it apeles canor ⁊ estoit bons ch̾rs mes il haoit

2351 2533 1496 154 crestiens mont meruoillousement quil ne se poot acor

2359 2655 1499 110 der en nule meniere asceus qui estoient crestien ⁊ il

2366 2750 1507 129 auoit ia oi dire que crestiantez saloit mont espandãt

2370 2841 1492 137 par lou reaume dẽgleterre dont il estoit mont doulãz

2370 2944 1473 114 en son cuer. Celui ior que la nef ariua en cornualle

2370 3046 1492 126 estoit il mõtez en une tor ⁊ quant il les uit ariuer

2366 3130 1492 141 ⁊ il sont quil uenoient destrãge pais si descedit maĩ

2374 3237 1507 110 tenant. ⁊ dit et .ii. de ses ch̾rs quil uenissent auec

2378 3320 1488 118 lui tres quau port si uarroient les choses de la nef

2382 3434 1476 103 qui tout maĩtenant estoit ariuee et uenue. Li rois

2378 3518 1507 114 sen ala a la nef pour ueoir les choses de leanz. Quant

2382 3598 1480 122 li marinier le uirent uenir ⁊ il le conurent il le re

2382 3712 1507 114 culerent ml̾t bellement ⁊ le menerent leanz ⁊ li mo

2382 3796 1488 141 strerent unes choses ⁊ autres teles ꝯme il les auo

2385 3891 1481 141 ient. ⁊ endemẽtiers quil aloient regardant la nef.

2389 4009 1484 133 il uit helĩde qui de son duel faire nestoier mie encor

2393 4104 1496 122 recrue ainz au fasoit tãt que nũs ne la ueist qui ne sãz

2397 4210 1495 122 meruoillast. Li rois demãda es mariniers qui cele di

2397 4313 1476 110 me estoit. qui einsint ploure. ⁊ enquiert la coson de

2405 4404 1484 115 son duel. ⁊ cil li dient errãment la uerite deli einsĩt

2405 4496 1465 125 ꝯme li ꝯtes deuise. ⁊ encore li dient que ele estoit

2408 4587 1496 129 fille de roi de babiloyne. Certes fait li roys ele nest

2416 4693 1480 145 pas saige quant tel duel demõine. Car ce ele a sõ

2420 4796 1465 126 soinour pardu assez porra autre retrourer quar

2424 4887 1499 137 sa beautez ⁊ sa facons qui est la nõper de toutes les

2424 5002 1480 114 autres que ie onquemes ueisse la fera uenir en

2427 5081 1484 141 hautase ⁊ en bienaurte. Lors setraĩt pres de li por

2431 5196 1465 121 reꝯforter. Mes ele ne laisa õques son duel ne po

2435 5287 1488 122 uit ne san refraint ꝯme cele qui ml̾t estoit dolã

2435 5397 1476 171 te ⁊ corroucie. Li roys la fat mener en sa cour
