4632 6947
818 825 1440 178 et pense que il la prendra a feme. Ca il nen au

818 949 1440 143 oit point. Et ele estoit desi meruoillouse beaute q̃

818 1057 1447 131 il sen tenit mont bien apaiez ⁊ amenz que en la plꝰ

818 1161 1428 124 haute dame dou monde. Li royz connoit mout bñ

826 1235 1424 142 es paroles de li que ele est crestiene et uit que ele

818 1335 1432 150 estoit ancinte et estoit pres dou terme ou ele deuo

818 1443 1443 127 it enfant auoir Si sesforca mout que il la peust

814 1563 1420 96 ramener asa loi. Mes ce que pooit estre. Car ele e

806 1647 1413 128 stoit si ꝑfaite en la loi de crestiente ⁊ si atornee

806 1752 1421 104 a la loi dou urai crucefie que ele uousit ausitost a

795 1829 1432 120 donc receuoir mort ꝯme agurpir la loi crestiene.

799 1929 1428 120 Et li royz lamoit tant ⁊ si li plaisoit quil ne fe

795 2022 1424 119 ist en nule meniere chose qui li despleust. Que

795 2111 1405 127 uous diroie ie li royz qui a meruoilles lamoit

787 2215 1444 116 la prist afanme a la loi paiene et la fist tornerau

787 2304 1436 119 reaume de cornuaille ou ele uousist ou non ⁊ la

791 2400 1432 116 tient auec lui si honorement ⁊ si richemẽt que

783 2485 1421 112 se cil estre li pleust assez li fust bñ auenuz selonc

783 2585 1436 108 lou pechie ou ele estoit. Mes il li desplaisoit ml̾t

783 2690 1459 104 que sele le peust amander en nule meniere doumõ

775 2763 1440 135 de ele le destonast. Un soir gisoit li royz en son lit

760 2859 1455 128 ⁊ la ou il se dormoit li uint une auision assez meruo

752 2964 1417 115 illouse car il li estoit auis que il estoit en un bois

744 3056 1463 124 grant ⁊ ꝑfont ⁊ pres dune fontene. ⁊ deuant lui

741 3153 1474 127 uenoit .i. lupart mout grant ⁊ mout fort qui estoit

737 3249 1447 116 mout a redouter. Li royz estoit armez si corrut sus au

733 3357 1467 116 lupart ⁊ li luparz a lui. Si ꝯmencent en tel meniere

729 3446 1475 108 la bataille. Mes au derien san fuoit li luparz nau ͤz

733 3546 1463 120 ⁊ maubailliz. ⁊ li royz le chasoit toutes uoies. la

729 3620 1475 146 ou il le chacoit entel meniere il uit uenir .i. lion

725 3743 1444 116 qui corroit sus au lupart ⁊ locioit ⁊ puis ẽ

725 3844 1463 131 reuenoit uers lou roy ⁊ le regetoit de sourz lis ⁊

721 3932 1467 135 le deuouroit erranment. li royz qui paour out de ce

717 4040 1471 116 ste auision sailli touz nuz de son lit ⁊ ꝯmence a cri

717 4133 1452 127 er. Cil qui deuant lui gisoient saillent sus ⁊ li

717 4245 1440 108 demandent sire quauez uous. Certes fait il le plꝰ

714 4345 1447 112 meruoillous songe qui onques auenist. mest oren

714 4430 1501 124 droit auenuz. et cil demãdent quex est il. ce ne uous

714 4523 1443 154 dirai ie mie fet li royz. Mes ie ne serai iames lies

717 4639 1413 119 grãment deuaut que ie saiche aquoi il puet

717 4735 1460 135 torner car ie sai ueraiement que bone auãture

721 4820 826 143 nam porrast mie auenir.

810 4920 1347 155 i roys ne dit plus mot de son songe a cele fo

787 5044 1347 131 iz. Mes mout fu plus esmaiez et espeontez

733 5136 1420 139 quil ne suet a landenain quant il fu aiorne. il ꝯ

737 5229 1405 151 menda ꝑ deuant lui uenir .i. paien de mout grant

733 5329 1428 190 aige qui mout sauoit dastro ᷠ ͦmie ⁊ de nigromãce

2563 783 1439 262 et des oscures choses dou monde. et pour le san qͥ

2563 976 1447 174 en lui estoit lapeloit lou philosophe ⁊ il estoit sanz

2555 1061 1443 170 faile dou linaige. Uirgile. Quant il fu deuant le

2551 1173 1440 162 roy uenuz li ioys li descouri son songe. ⁊ puis li dit

2547 1273 1459 162 ie uous pri que uous me dites la droite senefiance

2547 1354 1448 170 car sanz grant senefiãce ne puet estre ce auenu. Or

2539 1455 1448 165 uous suesfrez un pou fait li philosophes ⁊ me lais

2532 1559 1443 158 sies pouruoir sor ceste auãture ⁊ demain uous ã

2536 1655 1451 147 cuit tant dire que uouz uous au⟦rã⟧roiz a bien pai

2536 1763 1459 143 ez. Li roys li dõna respie tel ꝯ il li requit et cil se pour

2532 1840 1451 139 uut toutes uoies a lãdemain reuĩt li philosophes

2532 1937 1451 150 deuant le roy ⁊ le trait a une part et li dit roys de

2532 2053 1466 108 cest songe qui auenuz cest te dirai ie ce que ian cuit.

2528 2141 1482 105 Il est uoirs ⁊ tu le sez bñ que ta fãme est encĩte dau

2528 2223 1474 108 tre que de toi ⁊ est crestiene. saiches que se li hoirs

2524 2319 1467 116 dont ele est encĩte uit lõguement quil tocirra. et

2516 2404 1463 147 sere de si meruoillouse prouece quil sera au tretãt

2512 2497 1475 127 redoutez par sa chr̃ie ẽtre ch̾rs ꝯme li lions ẽtre les

2509 2581 1482 143 bestes. ⁊ qui ẽ li lupars ce dit li roys acui ie me-

2505 2678 1474 162 ꝯbatoie ce ẽ cedit li philosophes li mariz ta fãme

2505 2786 1474 127 qui est enuie. ꝯment puet il uiure dit li roys il fu

2501 2886 1470 139 getiez en la mer. Il i fut uoiremẽt getiez dit li phi

2481 2975 1498 155 losophes. Mes telx fu sauãture ⁊ ensint plout a for

2505 3075 1474 151 tune que il an eschapa ⁊ tant fit quil uint a une

2501 3176 1470 139 roche ou il demoure encor ⁊ sueffre assez poĩne et

2497 3257 1455 139 dolour. Meruoilles mauez dites ce dit lioys. Et

2497 3346 1490 150 me ꝯsoilliez que ie porrai faire de ceste chose. Et dit

2489 3438 1482 139 li philosophes ie ne uꝰ an dirai plꝰ car ie ne uꝰ diro

2493 3554 1486 104 ie nul ꝯsoil dõt cͤature deust morir uous meismes

2485 3631 1486 143 qui assez sauez uꝰ aucheuissez au meulz q̃ uꝰ pouroiz

2481 3747 1483 143 Bñ auez dit fait li roys ⁊ ie ẽ esploiterai se ie pu

2481 3844 1460 135 is en tel meniere q̃ ie naura gargde de celui dõt uꝰ

2478 3944 1493 135 mauez dit ⁊ si fort espeõte. li rois se tut de ceste cho

2470 4052 1494 135 se quil ue la fist ⁊ a nului sauoir. mes quãt il uit

2466 4156 1471 116 que sa fãme fu au terme dãfãt auoir il apela une

2470 4256 1444 109 des demoiseles qui ẽtor la roine deuoit estre. et

2466 4353 1436 131 li dit. Ie uꝰ ꝯmãt q̃ si chie̾ ꝯme uꝰ auez uĩe cors q̃

2462 4438 1448 135 tout maĩtenant que li anfes ma fãme sere nez q̃

2458 4546 1467 116 uꝰ lou maportez que ie le uoie ⁊ cele respõdi. Sire

2458 4642 1452 132 ie ferai uĩe ꝯmãdement. Si le fit tout einsint ꝯ

2454 4735 1490 127 me li roys li auoit ꝯmãde. Car dout maĩtenãt

2451 4847 1470 108 que la royne se fu deliuree dũ fil cele la porta de

2447 4928 1451 139 uãt le roy .i. pou deuãt le ior. ⁊ li dit sire uez ci

2443 5001 1528 168 ce q̃ uꝰ mauez demãdes ⁊ sachiez que ce est unz fiz

2435 5125 1459 143 Or le me bailliez ce dit li roys. ⁊ cele li baille. Li

2447 5237 1459 119 roys meismes prent lãfant quil ne se creust en

2447 5329 1474 201 nul autre se en lui nõ ⁊ mõta ⁊ sen ala touz sens
