4316 7021
499 873 1452 219 uoluntez de linde et landemain quant il fut aiornez il

483 1037 1475 137 demanda a ces de sõ ostel se il auoient apris nouelles de sa

479 1146 1468 129 doht. ⁊ il responderẽt. Sire encore nen auõs nous rien o

483 1236 1487 140 si. car mlt̾ nous torne a grant meruoille quil demore tãt

479 1322 1468 152 ⁊ cuidons bñ que ce ne soit mie seinz achoison. Uous poez

483 1423 1468 152 bñ uoir dire fet nabuzardan ⁊ pour ce uuel ie que uꝰ

487 1517 1464 156 partez uint de caus ⁊ uous en alez en la forest ⁊ cerchi

479 1610 1479 156 ez tant a mont ⁊ a ual que uous le trusiez ⁊ il le fi

472 1724 1459 167 rent tout einsint ꝯme il lont ꝯmandi

685 1813 1282 135 n tel meniere deliura nabuzardan toute la for

718 1919 1233 120 teresse de ces de son ostel ⁊ quant il uit quil

476 1997 1502 132 nauoit mes beaus hõme qui de sa uolõte suire le peut

476 2102 1486 117 destorner. Il prit helinde ⁊ lamena en sa chãbre auuec

476 2188 1486 128 lui einsin ꝯme il uosist a li ꝯsoilier. quant il la tint le

456 2285 1487 129 anz il uit a li ou ele uousist ou non. Or deuise lestoire

468 2383 1463 113 que cele fuit tãt doulãte de cele auãture que ele aust

472 2457 1479 148 bñ au tãt ame que il li aust copee la teste. Celui ne

472 2535 1510 171 uindret cil deleanz ⁊ aporterent sa doht en .i. estu si na

476 2636 1482 152 ure quil nauoit poor de cheuauchier. Quãt helide uit

472 2730 1467 168 son soignour naure en tel meniere ele out assez grenoi

472 2851 1490 125 duel ⁊ courouz de ce que ele auoit doutãce quil ne mo

472 2941 1463 136 rist. ⁊ de ce que cil lauoit si honie. Si ꝯmãca ame

472 3046 1467 132 ner greignour duel que de ne fasoit deuant einsĩt

472 3143 1483 137 mena son duel helĩde en tel meniere si delerousement

468 3237 1475 129 quele ne faisoit gaires autre chose fors dou duel me

468 3331 1467 120 ner. Et quant ce fut chose quil fut tornez a garison

472 3405 1463 136 toutes uoies mena ele son duel ou pou ou gnͣt. Et

468 3506 1479 125 ses sires la ꝯfortait aucune foiz ⁊ li disoit que ele fe

468 3604 1451 124 ist plus belle chiere. ⁊ cele out paour ⁊ doutãce

464 3697 1455 129 quil ne saperceust daucune chose si ce ꝯmẽca arenfor

468 3791 1471 136 ter .I. ior auĩt quele estoit en .i. prael toute soule ⁊

460 3900 1459 117 loĩr de gent ꝯme cele qui cuidoit que sa doht se dor

460 3990 1475 128 mist en une chãbre pres dou preel ⁊ si fasoit il sãz

452 4099 1475 133 faille. En cele chãbre auoit fenestres qui euuriuẽt ẽ

452 4200 1464 125 cel prael la ou il se dormoit en tel meniere il sa uoilla

448 4294 1479 133 ⁊ oi que sainne auoir son duel reꝯmẽcie ⁊ se demẽ

456 4399 1471 117 toit mout duremẽt et disoit a soi meismes tãt do

452 4501 1452 125 lãte ꝯme nule plus. He nabuzardan ch̾rs mauuais

440 4598 1468 133 ⁊ cruelx. felons ⁊ enuious ꝯme tu mas honies ⁊ a

452 4684 1464 133 uilie. tãt te deuroit hair tes freres sa doht. tu mas

452 4789 1452 121 tant de hõte pourchacie que iamais naurai honour

448 4891 1499 117 Quant sa doht ẽrent ceste parole il saut de sõ lit ⁊ uĩt

448 4981 1483 124 a la fenestre ⁊ quant il uoit que ce est sa fãme qui tel

448 5082 1483 121 duel demõine ⁊ qui teles paroles auoit dites Si est

456 5172 1491 132 trop doulanz ⁊ dit essoi meismes que cil duels nest

452 5289 1460 132 mie sanz achoison. Et lors uient. en sa chãbre ⁊ tĩt

452 5390 1475 203 sespee ⁊ dit quil saura lachoison de cest duel si saut ou

2266 877 1423 217 prael en si famme estoit ⟦              ⟧

2266 1041 1440 146 sen uient quil ⟦                 ⟧

2248 1117 1447 205 dire uous estuet que ⟦              ⟧

2248 1222 1470 164 que si uous au plus ⟦         ⟧

2242 1322 1476 140 maintenant estes ⟦          ⟧ ci tient

2237 1415 1469 147 ciez pas. Si maist ⟦     ⟧ si ⟦         ⟧

2237 1509 1458 158 diroiz. Si haine lespee ⁊ ⟦                   ⟧

2242 1603 1464 163 sist coper li teste. Et de qui pour a ⟦       ⟧ dou

2251 1708 1491 133 tãce li ꝯte maĩtenãt tout le fait tout einsint ꝯme

2255 1813 1460 117 il astoit auenuz. Quant sa doht entent la ⟦      ⟧

2255 1915 1456 97 tant duremẽt doulanz quil ne set quil doie dire si est

2243 1977 1475 144 grãt peice en tel pause quil ne dit mot ⁜ quant il par

2259 2094 1467 109 la si dit hõm ma mes freres. Mes ie les hõnira touz

2255 2180 1483 113 seurs empuet estre. en ce quil disoit ceste parole tãt

2255 2274 1463 117 doulanz que nũs plus. Si auint a celui point. que na

2251 2348 1479 117 buzardan uint deuãt lui fuit touz esbahiz. de ce que

2242 2428 1476 152 sa doht tenoit sespee toute nue sors sa fãme. Nabuzar

2237 2527 1499 146 dan ce dit sa doht. por quoi mauez uous hõni si fairem̃t

2239 2632 1472 125 Uous me dussez premiers auoir deffie. que uous

2239 2742 1495 132 ma hõte aussez doutout pourchacie. Uous nauez hõm

2236 2831 1486 125 senz deffier et ie uous hõnirai apres deffiement lors

2239 2929 1479 121 li dit ie uous deffi ⁊ lors li cort sus maĩtenent et

2232 3026 1467 129 li donne parmi le chief si grand cop de lespee troin

2239 3139 1479 114 chant quil la giete mort deuant lui. Quant il uo

2239 3237 1503 105 it son frere mort il dit a sa famne alõs de ci des ormes

2239 3323 1472 121 car ci auons nous mauais demourer car se miste

2243 3412 1425 114 re puent sauoir que iaie ce fait touz li monz ne

2243 3502 1425 113 me porrois garder de mort si me pouoient tenir

2232 3592 1463 117 mes mont me poise de ce quil est einsint auenu.

2232 3693 1479 129 Ne puet estre autrement ce dit sa doht mes pau

2228 3787 1502 125 sons de noz uies sauuer. Lors senissirent dou chastel

2232 3884 1486 129 au plus coiement quil purent sanz ce qͥl nẽ porte

2228 3982 1514 136 rent mie grãment dor ne dargent. Quãt il furẽt

2236 4095 1498 125 uenu a la mer il trouerent une nef toute aparoil

2228 4196 1502 125 lie demouuoir il furent mout lie de ceste auãture

2228 4298 1467 129 si se mistrent dedanz la nef auoec les autres donc

2232 4407 1486 113 il i auoit grant plante. Maintenẽt se pertirent dou

2232 4493 1467 125 port ⁊ li uoile furent tãdu et li uanz se fiert dedãs

2224 4587 1467 128 qui sit la nef maintenent ꝑtir de riue ⁊ esloigni

2216 4688 1460 129 et la entel meniere si duremẽt quil ne uirẽt terre

2216 4797 1456 113 de nule part. Celui iour fist mon beau tẽps ⁊

2212 4875 1456 121 cler. tres qua heure de uespres. Mes li uaus sanz

2212 4977 1491 132 faille ne lour estoit mie mout tres uous et quãt

2212 5059 1475 144 ce uint en ꝯtre le soir se ꝯmẽsa a chãgier ⁊ oscur

2212 5168 1428 144 tir mout durement li tẽps ⁊ une tẽpeste leua

2208 5254 1507 152 errãment si meruoillouse. quil nauoit adonc si har

2200 5371 1479 175 di en la nef qui toute doutãce ⁊ de tout paour na
