2586 3744
603.0 399.0 688.0 112.0 en sa neif. tant que

603.0 503.0 738.0 118.0 il ueist que sa cheuale

601.0 601.0 703.0 122.0 rie feroit. qui aloit a

603.0 705.0 657.0 108.0 terre. La reson pour

609.0 798.0 705.0 125.0 quoy en li loa ces cho

603.0 906.0 678.0 104.0 ses si estoit tele que

603.0 1000.0 728.0 96.0 se il ariuoit auec eulz.

609.0 1104.0 695.0 98.0 et sa gent estoient oc

605.0 1208.0 738.0 100.0 cis et il auec. La besoig

605.0 1308.0 676.0 98.0 ne seroit perdue. Et

605.0 1412.0 695.0 116.0 se il demouroit en sa

603.0 1516.0 695.0 114.0 neif par son cors pe

609.0 1620.0 666.0 96.0 ust il recouurer a re

611.0 1720.0 670.0 112.0 conquerre la terre de

609.0 1815.0 689.0 119.0 egypte et il ne uoult

607.0 1915.0 745.0 119.0 nullui croire. ains sail

603.0 2011.0 682.0 118.0 li en la mer tout ar

611.0 2121.0 647.0 102.0 me. Lescu au col. le

619.0 2196.0 666.0 123.0 glaiue ou poing. et

622.0 2300.0 711.0 114.0 fu des premiers a ter

811.0 2410.0 102.0 102.0 re.

805.0 2498.0 501.0 137.0 a seconde foiz :

1466.0 405.0 651.0 123.0 quil mist son cors

1466.0 507.0 714.0 114.0 en auanture de mort

1462.0 605.0 676.0 114.0 si fu tele. que au par

1464.0 698.0 722.0 123.0 tir quil fist de lauma

1460.0 809.0 739.0 110.0 sourre pour uenir a da

1468.0 900.0 658.0 117.0 miete: Son conseil

1456.0 1000.0 674.0 119.0 li loa si comme len

1466.0 1106.0 726.0 96.0 me donna a entendre

1464.0 1208.0 703.0 127.0 que il sen uenist a da

1464.0 1324.0 714.0 111.0 miete en galies. et ce

1466.0 1416.0 699.0 121.0 conseil li fu donne si

1464.0 1522.0 689.0 112.0 comme len dit pour

1466.0 1618.0 718.0 112.0 ce que se il li mescheoit

1462.0 1713.0 722.0 125.0 de sa gent par son ⟦les⟧

1466.0 1820.0 712.0 112.0 cors les peust deliurer

1464.0 1921.0 712.0 102.0 de prison. Et especial

1468.0 2007.0 708.0 97.0 ment ce conseil li fu

1464.0 2098.0 716.0 123.0 donne pour le meschi

1470.0 2206.0 683.0 106.0 ef de son cors ou il es

1466.0 2292.0 733.0 116.0 toit par pluseurs ma

1479.0 2392.0 711.0 122.0 ladies qui estoient te

1472.0 2485.0 691.0 142.0 les. Car il auoit dou
