2555 3690
397.0 432.0 640.0 115.0 ble tierreinne et me

395.0 535.0 650.0 114.0 noison moult fort.

395.0 627.0 669.0 119.0 Et la maladie de lost

401.0 725.0 679.0 127.0 en la bouche et es iam

397.0 826.0 683.0 116.0 les. Il ne uoult onq̃s

393.0 924.0 689.0 92.0 nullui croire. aincois

391.0 1029.0 689.0 106.0 dist que son peuple ne

393.0 1123.0 687.0 88.0 lairoit il ia Mez feroit

389.0 1219.0 691.0 93.0 tele fin comme il feroi

385.0 1318.0 720.0 125.0 ent. Si li en auint aĩsi.

381.0 1418.0 699.0 107.0 que par la menoison

381.0 1519.0 650.0 120.0 quil auoit. que il li

383.0 1617.0 699.0 109.0 conuint le soir couper

383.0 1707.0 699.0 115.0 le fons de ses baiez. Et

381.0 1808.0 703.0 110.0 par la force de la mala

307.0 1900.0 740.0 108.0 die de lost se pena il

342.0 1996.0 699.0 119.0 le soir par pluseurs

387.0 2093.0 681.0 116.0 foiz aussi comme uoꝰ

399.0 2201.0 445.0 97.0 orrez ci apres.

568.0 2283.0 508.0 119.0 a tierre foiz quil

572.0 2378.0 508.0 125.0 mist son cors en

280.0 2478.0 778.0 143.0 auanture de mort. ce

1228.0 430.0 691.0 119.0 fu quant il demoura

1226.0 537.0 711.0 80.0 un an en la sainte ter

1226.0 625.0 697.0 119.0 re. apres ce que ses fre

1222.0 729.0 674.0 111.0 res en furent uenuz.

1215.0 819.0 681.0 111.0 En grant auanture

1215.0 918.0 683.0 90.0 de mort. fumes lors.

1224.0 1012.0 709.0 119.0 Car quant le roy fu de

1218.0 1117.0 680.0 113.0 moure en acre: pour

1218.0 1217.0 725.0 115.0 un home a armes que

1220.0 1309.0 748.0 132.0 il auoit en sa compaig

1220.0 1414.0 689.0 113.0 me. Ceulz dacre en a

1224.0 1512.0 711.0 117.0 uoient bien .xxx. quãt

1215.0 1609.0 710.0 115.0 la uille fu prise. Car ie

1215.0 1705.0 653.0 92.0 ne sai autre reson

1230.0 1806.0 707.0 112.0 pour quoy les turz ne

1220.0 1898.0 703.0 113.0 nous uindrent pren

1224.0 1998.0 713.0 103.0 re en la uille. fors que

1222.0 2095.0 703.0 119.0 pour lamour que di

1205.0 2189.0 714.0 119.0 eu auoit au roy. qui

1220.0 2289.0 695.0 107.0 la poour metoit ou

1224.0 2382.0 697.0 123.0 cuer a nos ennemis

1230.0 2476.0 707.0 156.0 pour quoy il ne nous
