4217 6404
1056.0 732.0 1228.0 257.0 dieu: qui est cler et

1103.0 992.0 1235.0 228.0 purs et nez.

1327.0 1195.0 1032.0 245.0 t li maus qui est

978.0 1430.0 1360.0 245.0 obscurs ⁊ laiz. ⁊ tene

939.0 1622.0 1415.0 272.0 breus seur toute rien

928.0 1862.0 1426.0 219.0 laist le bien ⁊ descent a

1053.0 2099.0 1299.0 224.0 ual. Car ce couuient

1035.0 2291.0 1310.0 220.0 il ꝑ nature. Ansi ꝯme

1014.0 2501.0 1334.0 206.0 len uoit de lordure du

1035.0 2673.0 1319.0 251.0 uin qui est mis el uais

996.0 2903.0 1391.0 234.0 sel. que li laiz se de part

1056.0 3120.0 1282.0 231.0 du bel. Si que li bons

1060.0 3330.0 1331.0 227.0 demeure en haut. Et la

1060.0 3547.0 1317.0 213.0 lie demeure au fonz qͥ

1035.0 3742.0 1384.0 264.0 est mauuaise. Et li bõs

1056.0 3959.0 1310.0 235.0 uins qui demeure en

832.0 4166.0 1584.0 245.0 haut deuient touz iour ᷤ

1056.0 4365.0 1292.0 256.0 clers ⁊ nez. Et li mau

1072.0 4578.0 1276.0 310.0 uais qui est au fonz

2562.0 711.0 1302.0 238.0 deuient touz iours ob

2569.0 942.0 1288.0 235.0 scurs et laiz. Et de tãt

2544.0 1170.0 1267.0 228.0 ꝯme li bons deuient

2565.0 1394.0 1289.0 231.0 plus clers: De tant re

2546.0 1595.0 1356.0 256.0 tient la lie plus dordu

2546.0 1814.0 1292.0 251.0 re. ⁊ de maleurte ⁊ dob

2836.0 2252.0 1053.0 252.0 out ausi est il du

2512.0 2461.0 1306.0 232.0 bien ⁊ du mal. Car li

2588.0 2652.0 1260.0 251.0 maus conuient descẽ

2540.0 2881.0 1289.0 235.0 dre en lieu tenebreus

2466.0 3098.0 1430.0 235.0 ⁊ orrible. ⁊ plain de tou

2547.0 3315.0 1310.0 214.0 te douleur. Et li biens

2466.0 3536.0 1359.0 210.0 couuient estre amõt

2555.0 3764.0 1277.0 202.0 deuant dieu. ou tuit

2580.0 3945.0 1313.0 231.0 li bien sont. Et cõ plus

2530.0 4162.0 1277.0 242.0 esclarcist li biens de

2604.0 4376.0 1260.0 202.0 uant dieu: ⁊ plus ses

2599.0 4578.0 1292.0 283.0 ioist. Tant a li maus
