3889 5257
391.0 408.0 1221.0 158.0 ses gens a sarras en une grant

382.0 519.0 1210.0 103.0 place couuerte qui estoit deuant

368.0 592.0 1274.0 141.0 le temple de la cite. Ainssi cõme Ilz

376.0 686.0 1277.0 166.0 estoient ainssi assembles Ioseph et

379.0 794.0 1271.0 125.0 sa ꝯpaignie par le ꝯmandement

379.0 867.0 1266.0 152.0 A nr̃e s̾ entrerent en celle place po᷑

379.0 955.0 1271.0 151.0 prescher et conuertir le peuple a leur

382.0 1045.0 1213.0 137.0 pouuoir. Mais le Roy et ses gens.

382.0 1139.0 1350.0 143.0 furent moult esbays quant Ilz uirẽt

385.0 1214.0 1356.0 149.0 telles gens entier auec eulx qui estoiẽt

379.0 1314.0 1274.0 134.0 nulz piedz et pouurement uestus. Et

382.0 1396.0 1309.0 146.0 mesmement le Roy estoit trouble ꝯtie

388.0 1492.0 1192.0 137.0 ses gens qui ne luy auoient mye

382.0 1544.0 1362.0 176.0 Respondu a son gre de sa guerre. Ioseph

385.0 1655.0 1289.0 138.0 qui sceut tantost a quoy le Roy estoit

382.0 1734.0 1280.0 161.0 trouble le confortast et luy dist q̃l

379.0 1822.0 1356.0 158.0 ne sesmaiast et quil luy enseigneroit

382.0 1921.0 1336.0 149.0 cõmt Il aroit uictoire de ses ẽnemys

385.0 2015.0 1303.0 134.0 et si luy aprendroit a conquerre la

376.0 2108.0 1286.0 126.0 Ioie que ia ne fauldra. Lors le Roy

379.0 2184.0 1412.0 161.0 regarda Ioseph fierement et luy demãda

391.0 2298.0 1259.0 143.0 coment se pourroit estre. Et Ioseph

394.0 2389.0 1291.0 137.0 luy dist quil luy conuenoit despesser

394.0 2488.0 1265.0 120.0 ses ydolles qui nauoient point de

391.0 2573.0 1315.0 148.0 puissance Et croire en Ihũ crist qui

391.0 2675.0 1291.0 122.0 estoit uray dieu tout puissant qui

391.0 2757.0 1248.0 146.0 souffrit mort en la croix de son bon

391.0 2859.0 1344.0 134.0 gie pour sauuer humain lignaige des

394.0 2943.0 1274.0 141.0 poines denffer Et lors luy fit Ioseph

385.0 3046.0 1333.0 116.0 ung beau et long s̾mon du mistere

391.0 3122.0 1294.0 122.0 a la foy xp̃ienne Et des miracles de

394.0 3203.0 1291.0 132.0 nr̃e s̾ de sa naptiuite de sa passion.

371.0 3288.0 1320.0 137.0 Resurrection et assumption. Mais le

388.0 3379.0 1391.0 122.0 Roy nen uoloit Riens croire. Si enuoya

394.0 3475.0 1364.0 126.0 guerre tous les plus saiges clers de la

394.0 3574.0 1297.0 108.0 cite et fut prins Iour a lendemain de

385.0 3647.0 1368.0 123.0 disputer les ung auec ler aultres Et

388.0 3735.0 1400.0 128.0 le Roy fit hebergier Ioseph et sa ꝯpaig̃

388.0 3834.0 1350.0 111.0 bien et eust celle nuyt Et cõme le Roy

394.0 3913.0 1408.0 134.0 gisoit en son lict Et perissoit a sa guerre

394.0 4009.0 1300.0 123.0 et a ce que Ioseph luy auoit dist Il

400.0 4094.0 1356.0 134.0 luy uint une m̾ueilleuse uision par

409.0 4199.0 1399.0 114.0 laquelle nr̃e s̾ luy desclera aucũem̃t

444.0 4278.0 1347.0 164.0 en mistere de la trinite Et de la ꝯception

1896.0 408.0 1245.0 164.0 de nr̃e s̾ si ne peult le Roy dormir.

1905.0 531.0 1370.0 123.0 toute celle nuyt de la grant admiratõn

1902.0 616.0 1276.0 137.0 quil auoit Et Ioseph de laut̾ couste

1916.0 709.0 1242.0 129.0 penssoit en son lict cõment Il poͬroit

1905.0 806.0 1297.0 116.0 le Roy conuertir et en pria a dieu

1910.0 887.0 1336.0 129.0 deuotement Et lendemain bien matĩ

1913.0 978.0 1260.0 149.0 luy et son filz Ioseph sen allerent

1919.0 1083.0 1321.0 111.0 humilier deuant la saincte arche ou

1925.0 1165.0 1283.0 117.0 estoit le sainct uaissel Et tantost

1922.0 1247.0 1207.0 146.0 cõme Ioseph ouurist larche nr̃e s̾.

1931.0 1349.0 1315.0 143.0 sapparust a luy acompaigne dãgelz

1931.0 1439.0 1154.0 138.0 et fist et consacra Ioseph le filz

1931.0 1542.0 1247.0 137.0 prestre et euesque de celle ꝯpaignie

1922.0 1641.0 1280.0 120.0 Et lors inncontuant Ioseph. consacra

1934.0 1731.0 1262.0 123.0 la char et le sancg de nr̃e s̾ deuant

1937.0 1828.0 1274.0 108.0 toute la ꝯpaignie et acõmnia tous

1940.0 1912.0 1203.0 117.0 ceulx qui y estoient Et luy dist

1945.0 1994.0 1219.0 117.0 nr̃e s̾ quil amourast saidienem

1945.0 2094.0 1190.0 125.0 sa parolle car Il seroit tousiours.

1943.0 2184.0 1238.0 117.0 auec luy et y mectroit sa parolle

1954.0 2266.0 1192.0 137.0 en sa bouche. Lors se desuesti

1925.0 2345.0 1286.0 152.0 Ioseph. de ⟦ses⟧ aournemens que nr̃e s̾

1943.0 2450.0 1209.0 117.0 luy auoit donnes et les mist en

1963.0 2523.0 1321.0 134.0 larche Et appella ung de ses paiens

1966.0 2628.0 1239.0 108.0 nõme lucans et le cõmest a garder

1969.0 2704.0 1283.0 131.0 larche pour ce quil le congnoissoit

1969.0 2806.0 1209.0 120.0 preudiõme Tantost apres le Roy

1969.0 2885.0 1277.0 123.0 euallac qui sestoit leue matin Et

1969.0 2967.0 1122.0 137.0 auoit desia ses clers deuers luy

1966.0 3057.0 1280.0 135.0 enuoy a querir Ioseph Et Il y alla

1975.0 3127.0 1408.0 164.0 luy et son filz Et les aultres demourerẽt

1972.0 3262.0 1230.0 114.0 en prieres et oroisons. Lors dist

1981.0 3338.0 1276.0 140.0 le Roy a Ioseph quil luy mõstrast

1983.0 3449.0 1155.0 99.0 et prouuast cõment le pere et

1986.0 3528.0 1140.0 122.0 le filz et le sainct esperist qui.

1983.0 3609.0 1304.0 129.0 estoient trois ꝑsonnes estoient ung

1972.0 3697.0 1215.0 114.0 dieu seulement Et cõment la

1992.0 3779.0 1128.0 137.0 pucelle enffanta le filz sans

1986.0 3869.0 1207.0 140.0 ꝑdre son pucellage Et cõment Il

1989.0 3966.0 1225.0 125.0 peult estre conceu sans charnelle

1989.0 4056.0 1216.0 137.0 compaignie dõme et de fẽme Et

1972.0 4144.0 1244.0 146.0 Ioseph prouua tres bien et par bons

1998.0 4237.0 1224.0 132.0 exemples toutes ces chouses. Mais

2001.0 4322.0 1265.0 169.0 les clercs desbatirent fort aux ꝑolles
