3851 5099
801.0 320.0 1208.0 161.0 fut tant quil eust lescuelle en

810.0 436.0 1224.0 116.0 laquelle nr̃e s̾ auoit menge a sa

813.0 518.0 1247.0 116.0 tent. Et lapourta ante luy a la croix

813.0 600.0 1315.0 128.0 Et Recueilly tout le sang quil trouua.

801.0 685.0 1239.0 122.0 des s̾ le corps de Ihũ crist Et le mist

801.0 787.0 1222.0 96.0 a dans son escuelle et le pourta a

796.0 849.0 1232.0 131.0 sa maison Et le garda Reuerãmẽt

773.0 948.0 1298.0 122.0 Quant les felons Iuifz sceurent que

784.0 1036.0 1287.0 139.0 Ioseph auoit enseuelli nr̃e s̾  Ihũ crist

776.0 1138.0 1323.0 128.0 Ilz en eurent grant cuint Et le p̃ndit̃

782.0 1237.0 1241.0 122.0 en celli nuyt et le mirent en prison

787.0 1328.0 1295.0 122.0 en la maison de caiphas leur euesque

787.0 1416.0 1185.0 122.0 en ung pillier de pitort iceulx, su

787.0 1512.0 1207.0 128.0 secretement que ꝑsonne ne le sceut

796.0 1600.0 1218.0 127.0 fors entre eulx et cõmanderent quõ

796.0 1716.0 1247.0 108.0 ne luy donnast que mengier ne que

793.0 1784.0 1196.0 116.0 boire. Cestui is̃h auoit une belle

790.0 1875.0 1213.0 124.0 femme Ieune et bonne pp̃runt et

790.0 1977.0 1219.0 119.0 nauroient que ung filz qui nauoit

784.0 2053.0 1244.0 133.0 lors que ung an ⁊ demy. Ceste fem̃e

784.0 2147.0 1191.0 124.0 et ses amys furent moult esbays

779.0 2240.0 1221.0 133.0 a la prise de Ioseph et nen peurent

776.0 2345.0 1207.0 130.0 ouyr nouuelles durant les passe

770.0 2427.0 1216.0 150.0 A .xlii. ans quil fut en celle prison

779.0 2529.0 1196.0 136.0 sans boire er sans mengier fors iau

773.0 2617.0 1202.0 136.0 que nr̃e s̾. luy enuoyoit Et combñ

773.0 2708.0 1238.0 136.0 que Icelle femme fut fort Requise

765.0 2810.0 1224.0 113.0 de son marier elle nen uoult Riens

762.0 2892.0 1210.0 133.0 faire Et aussi ne fu Ioseph leur

756.0 2988.0 1151.0 119.0 filz quant Il fut uenu en aage.

748.0 3070.0 1229.0 119.0 Mais demoura s̾uiteur de Ihũ crist

748.0 3147.0 1195.0 158.0 Or aduĩt se tost que nr̃e s̾  fut

753.0 3252.0 1233.0 150.0 Resuscite au tiers Iour de sa passiõ

745.0 3354.0 1198.0 133.0 quil sapparut a Ioseph. en celle

745.0 3453.0 1164.0 113.0 prison Et le conforta Et. luy

728.0 3518.0 1187.0 144.0 bailla son escuelle a tout le.

736.0 3617.0 1190.0 142.0 sancg dont Ioseph eust mõlt

705.0 3710.0 1230.0 142.0 grant Ioye Et luy dist nr̃e s̾

745.0 3801.0 1181.0 150.0 quil neust point de paour Et

733.0 3880.0 1244.0 182.0 quil ne mourroit pas en la p̾son

745.0 3985.0 1207.0 153.0 mais Il y seroit long temps Et

745.0 4076.0 1196.0 195.0 en Istroit si m̾ueilleusement

2292.0 368.0 1244.0 156.0 que tous ceulx qui en orroient

2295 450 1407 183 parler en auoient grant merueille

2289.0 563.0 1179.0 139.0 Et ainsi en aduint Il despuis

2295.0 651.0 1247.0 139.0 Car Ioseph fut en lad̾ prison .xlii.

2300.0 739.0 1338.0 141.0 ans Iusques au temps que uaspasien

2295.0 838.0 1306.0 136.0 et thitus destruirent la cite de Ihrlm̃

2289.0 923.0 1270.0 136.0 Et lois fut trouue Ioseph Icelle

2300.0 1016.0 1310.0 142.0 prison sang et haictre et ny cuidon

2298.0 1127.0 1269.0 122.0 ⟦en⟧ auoir este que trois Iours si

2298.0 1209.0 1275.0 133.0 en eurent grant Ioie sa femme son

2295.0 1303.0 1269.0 147.0 filz et ses amys et tous ceulx quilz

2295.0 1410.0 1238.0 119.0 congnoissoient Tantost apres

2295.0 1490.0 1292.0 133.0 nr̃e s̾ saparust a Ioseph et luy dist

2292.0 1592.0 1275.0 135.0 quil se fit baptiser sa femme son filz

2298.0 1710.0 1266.0 100.0 et ses amys et puis sen allassent

2298.0 1773.0 1331.0 133.0 hors de Iudee sur la Riuiere deuffrate

2289.0 1889.0 1332.0 136.0 pour aller preschier la foy xp̃ienne ou

2289.0 1980.0 1238.0 138.0 nr̃e s̾ leur enseigneroit Et Ioseph

2286.0 2070.0 1275.0 162.0 le fit ainssi et mena en sa compagnie

2275.0 2186.0 1269.0 139.0 .lxu. personnes de ses amys qui le

2266.0 2288.0 1270.0 131.0 furent baptises. Et la premiere

2266.0 2388.0 1332.0 150.0 nuyt quilz se furent partis de Ihrlm̃

2261.0 2487.0 1354.0 141.0 nr̃e s̾ cõmanda a Ioseph quil fu faite

2241.0 2594.0 1357.0 122.0 une arche de bois a mectre son uaissel

2255.0 2691.0 1335.0 138.0 dedans a grant Reuerence Et que si

2247.0 2793.0 1397.0 141.0 tost quil aroit a fere de quelque iloust

2241.0 2897.0 1332.0 128.0 Il se humiliast ou son filz deuant

2247.0 2994.0 1306.0 139.0 Icelle arche et nr̃e s̾ luy douroit

2241.0 3099.0 1371.0 124.0 ꝯseil̾ de tout ce quil luy demanderoit

2230.0 3198.0 1331.0 130.0 Au .xi. Iour de leur partement Ilz

2241.0 3297.0 1289.0 119.0 arriuerent en la cite de sarras de

2238.0 3399.0 1315.0 124.0 lez egipte de celle cite estoit Ry.

2241.0 3492.0 1289.0 125.0 euallat le mescongneu Et estoit

2241.0 3577.0 1320.0 128.0 nõme mescongneu pour ce que luy

2249.0 3671.0 1276.0 136.0 ne scauoit dont Il estoit. Cestui

2241.0 3764.0 1267.0 128.0 Roy auoit guerre aux egiptiens

2241.0 3855.0 1258.0 139.0 qui lauoient despuis sept Iours

2241.0 3948.0 1278.0 159.0 que Ioseph uint  la desconffit en

2235.0 4053.0 1222.0 142.0 bataille Et point auoit ꝯseil̾

2244.0 4158.0 1354.0 167.0 ceste chouse Il auoit assemble tout
