3815 5297
694.0 411.0 1295.0 168.0 de Ioseph. Si se leua Ioseph en pres et

685.0 541.0 1310.0 124.0 dist au Roy que pour ce quil ne uouloit

691.0 626.0 1316.0 121.0 croire en nr̃e s̾ Il isteroit dedans trois

671.0 712.0 1313.0 129.0 Iours en si grant mesauenture quil

679.0 800.0 1325.0 129.0 cuideroit bien perdre sans Remedde son

685.0 903.0 1272.0 106.0 corps et toute terrienne honneur Et

677.0 982.0 1271.0 130.0 quit seroit trois Iours et trois nuitz

679.0 1085.0 1290.0 121.0 mis es mains de son ennemy mortel

668.0 1165.0 1316.0 126.0 Et puis dist au clerc qui auoit plꝰ

682.0 1256.0 1290.0 121.0 fort dispute contre luy que dieu luy

677.0 1344.0 1309.0 127.0 touldroit la ueue et laparolle Si luy

671.0 1436.0 1233.0 126.0 en aduint ainssi tout incontinent

650.0 1515.0 1351.0 150.0 dont les sarrasins qui le uirent furẽt

671.0 1639.0 1248.0 106.0 moult courousses et eussent ocrio

662.0 1712.0 1204.0 130.0 Ioseph si le Roy ne leust garenty

650.0 1803.0 1228.0 127.0 Adoncq le Roy fit pourter ce clerc

659.0 1898.0 1280.0 117.0 aueugle deuant son dieu appollin

656.0 1995.0 1242.0 120.0 pour Recouurer sante. Mais ce fut

656.0 2086.0 1310.0 115.0 pour neant Car le deable qui estoit

644.0 2171.0 1260.0 118.0 dedans lydolle crya si hault que

650.0 2262.0 1236.0 118.0 chũn loist quil nauoit point de

650.0 2351.0 1283.0 120.0 puissance ou lieu de Ioseph. ministre

641.0 2433.0 1298.0 130.0 de Ihũ crist fut. Et issit de son ydolle

644.0 2530.0 1295.0 121.0 et la debusa et toutes les aultres du

644.0 2624.0 1231.0 118.0 temple dont les sarrasins furent

635.0 2710.0 1225.0 126.0 moult espouuentes. Si cõme le Roy

647.0 2813.0 1263.0 118.0 estoit en ce temple auecques Ioseph

621.0 2895.0 1348.0 127.0 ung messagier luy appourta nouuell̃

632.0 2989.0 1243.0 127.0 que le Roy tholomee degipte estoit

632.0 3078.0 1307.0 126.0 entre en sa terre a tout .xxxͫ. Sõmes

632.0 3169.0 1251.0 115.0 acheuat et .xl ͫ. apus et auoit Ia

629.0 3263.0 1337.0 115.0 prins une de ses Riches cites et tenoit

632.0 3351.0 1372.0 133.0 siege deuant son chastel nõme eualache

603.0 3445.0 1345.0 130.0 Tantost le Roy euallac fit assembler

632.0 3537.0 1331.0 126.0 toutes ses gens Et cõme Il sen uolloit

624.0 3634.0 1280.0 135.0 aller Ioseph luy dist ainssi Roy tu

624.0 3737.0 1336.0 118.0 ten uas et ne sces quil test a aduers̃

606.0 3819.0 1254.0 127.0 Et affin que tu me croies de ce que

606.0 3910.0 1333.0 121.0 Ie tay dit Ie ueulx bien que tu saiches

606.0 4008.0 1319.0 114.0 que Ihũ crist ma Reuelle qui tu es Et

615.0 4093.0 1239.0 121.0 le scay aussi bien ou mieulx ⟦que⟧

615.0 4172.0 1277.0 124.0 cõme tu fais toy mesmes Ne sces tu

621.0 4264.0 1212.0 126.0 pas bien que tu es natif de france

609.0 4343.0 1174.0 147.0 de la cite damiens filz dũ ⟦preuost⟧

2219.0 435.0 1281.0 147.0 pouure charretier Et pour ce que tu

2216.0 538.0 1266.0 121.0 estoies beau filz en le age de .u. ans

2210.0 615.0 1375.0 135.0 tu fus enuoye a Rõme auec deux pucelles

2210.0 715.0 1281.0 129.0 de france pour le linage du pais Et

2207.0 806.0 1310.0 132.0 quant tu fus grant et ꝑrant lemper ᷑

2213.0 891.0 1322.0 136.0 te mist au s̾uice de felix quil enuoya

2210.0 979.0 1328.0 142.0 presider en siege ce filix layma mołi

2193.0 1068.0 1383.0 144.0 Mais son filz et toy, uous courressates

2184.0 1144.0 1336.0 159.0 ung Iour ensemble si occis son filz Et

2195.0 1244.0 1296.0 142.0 puis tu ten fouys en babiloyne au Roy

2190.0 1336.0 1312.0 147.0 tholomee et luy fis entendant que tu

2190.0 1433.0 1327.0 138.0 estoies isħ Il te Retint pour sa guerre

2190.0 1524.0 1304.0 132.0 maintenir Et tu le fis si bien que tu

2193.0 1615.0 1215.0 138.0 luy uainquis son ennemy Et luy

2181.0 1712.0 1274.0 121.0 Reconquis sa terre si ten sceut si bon

2175.0 1795.0 1316.0 132.0 gre quil le donna ceste terre et s̾

2178.0 1889.0 1348.0 129.0 que tu tiens encore. Ie te dis ces chous̾

2169.0 1977.0 1286.0 138.0 que tu peusses que ꝑsonne ⟦que⟧ ne

2178.0 2083.0 1263.0 127.0 saiche fors que toy affin que tu me

2175.0 2174.0 1319.0 124.0 croye mieulx des aultres chous̾ que tu

2175.0 2260.0 1339.0 135.0 tay dit et que Ie te diray Car moy

2160.0 2348.0 1372.0 159.0 dieu Ihũ crist Reuelle les chous̾ secretes

2163.0 2466.0 1298.0 120.0 a qui quil ueult Et pour ce que tu

2163.0 2545.0 1284.0 127.0 sces que tu es moult de si bas lieu en

2154.0 2627.0 1328.0 124.0 si quant estat de tant tu te dois muł̾

2163.0 2716.0 1313.0 123.0 humilier et Recongnoistre. Adoncq le

2154.0 2810.0 1343.0 132.0 Roy promist a Ioseph quil seroit xpien

2145.0 2901.0 1299.0 103.0 sil pouuoit auoir la uictoire de celle

2142.0 2986.0 1378.0 124.0 bataille. Lors Ioseph fit appo ᷑ter ung

2142.0 3086.0 1346.0 121.0 blanc estu et mist dess̾ une Rouge croix

2125.0 3169.0 1428.0 147.0 de drap et puis le fit couurir et le bailli

2134.0 3272.0 1348.0 135.0 au Roy en disant quil conueuoit quil

2134.0 3366.0 1227.0 132.0 fut trois Iours et trois nuitz en la

2128.0 3472.0 1321.0 132.0 puissance de son ennemy Mais si tost

2122.0 3563.0 1272.0 130.0 dist et que tu uiendras a paour de

2119.0 3684.0 1360.0 106.0 mort descouure ton estre et Reclame en

2122.0 3754.0 1316.0 142.0 ton aide Ihũ crist uray filz de dieu Et

2110.0 3872.0 1292.0 124.0 a sa benoyte uierge marie qui en ce

2116.0 3969.0 1195.0 118.0 signe uaincquist la mort et croy

2107.0 4043.0 1390.0 135.0 cest amenẽi quil te ꝯfortera et doñera

2092.0 4146.0 1346.0 132.0 uictoire Le Roy euallac creust Ioseph

2095.0 4261.0 1313.0 126.0 et sen alla a grant ꝯpaignie ꝯtre ses

2098.0 4358.0 1340.0 147.0 ennemys Et quant Il les eust trouue
