3114 4384
562 372 1046 139 fu grant deuant encor fu de graignor a ceus doubles car ie

562 484 1051 100 cuidai auoir la ueue perdue ⁊ si chai a terre ansiue come home

560 552 1035 98 palinez et qant la uanite del chief me fu alee si ouri les eux

555 640 1050 76 mais ie nenui onques encor moi nule chose ne ne ui onques. riens

557 699 1048 77 de quanque ie auoie ueu anceis anceis te uoie tout alonge qu̾at

555 755 1040 82 ie trouai en ma main le liures ausme come li grant maistres

553 808 1035 90 Le manoit mis. Lors me leuai mlt̾ liez ⁊ mlt̾ ioions ⁊ lors fi

557 886 1046 68 en prieres. ⁊ oroisons ⁊ mlt̾ de si comancai a lile ⁊ trouai le co-

555 940 1040 78 mencem̃t de mon lignage que ie desirroie tant aueoir ⁊ qnͣ

557 998 1034 71 ie oi tant esgarde que il estoit prime si noi ie riens esgarde tãt

555 1059 1045 85 i auoit il leitre. si me merueillai mlt̾ coment ensi petit lu̾e

553 1115 1040 90 poet auoir tant letre. Ansi gardai el liure si ꝯne uers tierx

548 1181 1047 97 tant que ie os grant plante de mon lignage ⁊ si ui lauie ⁊ es

548 1251 1045 98 nons de ceuz prodes homes que apoine ossasse dire ne conoitre

543 1315 1055 95 que ie fusse daus descenduz ⁊ qanc ie ni lor bones mes ⁊ lor tra

543 1385 1045 88 uax que il auoient en terre soffert̾ por lor criator. si ne pooie

540 1449 1058 92 tant penser comenc ie peusse tant mame amander que ele fust

540 1524 1046 85 digne destre amentene auec les lor ne il ne mestoit pas ami q̃

567 1585 1019 83 fusse home enuers ans. mais faiture dome. ⁊ qant ie ci lon

577 1646 1014 95 ⟦emaat⟧ este en cel pense si esgardai auant. ⁊ cant que ie ui

596 1724 992 71 comence le saint grael ⁊ quant ie oi len tanc que uoidii

604 1770 982 83 si trouai ci co⟦ssic⟧ent les granz poors ⁊ lui auant

950 1768 183 47 mencent

623 1831 968 97 lui choses ml̾t espoantables ⁊ sache dex que agĩc

621 1897 957 87 e les noie ne ia noer ne lossasse se celui ne le meust y

628 1965 955 80 par cui toutes choses sunt gouer nees. ⁊ quant ie oi

604 2031 984 85 si comencai mlt̃ durement apenser. Ansint come ie

587 2089 994 88 a ceste chose ⁊ uns rais ansine come de fen ardent

579 2148 1007 90 cendi drl ciel ⁊ uinc pardeuanc mes eux ausinc come fou

575 2211 996 78 młt resanbloit escrais de tonairres. fors cant que la clar

562 2279 1014 88 enfa grande ⁊ plut endirra ⁊ uinc pardeuant mel eux si

543 2355 1031 73 dement me tinc li oil meu esta,celerent. ⁊ lors chai ie toz

531 2401 1045 83 smez .⁊ qant deu plot si me releuai sus. apres si uint une

533 2464 1041 93 grant obscurte que len ne ueoit plus ne len uoit esplus

526 2532 1043 88 uscure uint diuer. ⁊ dura bien tant que leu pust ancore ale

519 2606 1057 90 ent pas. si plot adeu qe eles trespasserent si comenca aesclarcier

506 2676 1053 83 petit.⁊ petit si que li soulaux rensit en premiere clarte apres

499 2747 1058 85 rendi la ou ie estoie une si douce odor que se toutes odors del

504 2820 1060 109 monde ifussent ne fuit par li leus plus soef apres si oi le plus de

504 2900 1055 78 chant qui onques fust chantez. ⁊ cil qui chantoient estoient

501 2951 1053 105 pres demoi ce mestoit amis cou se ce fusseut choses noiables.

501 3024 1038 105 les pensse atochier amamain. mais onques nus neu poi̾ noet

504 3090 1053 107 mais tant entendi ie ben que il looient nostre seignor ⁊ide

1451 3222 157 248 ceste

1720 411 1040 105 niere bien. uii. foĩz aluiciesme chant si ronpirent si que

1717 487 1072 97 il me fu anis que il chaissent en abisme. ⁊ lors me fu anis que totes

1715 565 1062 85 les eles de toz les oisiayx nolant aloient par deuant moi ⁊ quant

1715 628 1065 107 les uoiz  sen alerent. si remest la grant odor que ie auoie deuant

1715 711 534 78 sentie ⁊ qui tant mauoit pleu

1793 755 989 102 nsinc remest achanter. ⁊ ie comencai młt apenser a ceste

1710 823 1077 85 merueille atant ez uos une uolz qni me dist laist apenser

1708 884 1062 99 si rent aton criator ce que tu li doiz. lors me leuai ⁊ iusque

1708 947 1074 92 none estoit ia passee del ior.⁊ lors oi ie grant merueille car ie

1705 1005 1082 86 enidoie que il fust encore matib por ce que ie gardoie el liuret

1705 1064 1087 102 qui tant me plaisoit si comencai le seruise del com il couient

1705 1132 1065 80 acel ior que il recut mort por nos ⁊ por ce nisacre leu mie

1703 1195 1084 78 car la figure doit arriere estre mise duscan dismanche. mais

1703 1251 1072 90 encore les autres iors le sacre leu en remenbrence de ce que il

1700 1324 1070 98 fũ sacrefiez ⁊ acelui ior fu il ueraiment sacrefiez ce est le

1698 1393 1087 87 uandradi benoiet ice ior ne le sacrefie len pas car il nia point

1700 1456 1087 97 de senefience puis que li iors est uenuz qe il fu sacrefie ⁊ qa̾t

1700 1541 1075 68 ie oi fait le seruise ole aide dei ⁊ ie uoil receuoir mon sauueor.

1695 1595 1085 90 si uint. Uns anges deuant moi qui me prist par les deus mains si

1695 1653 1085 95 me dist ces trois parties me sunt denees areceuoir de si la que

1698 1724 643 78 ie tai fait endendre q̃ eles senefient

1776 1775 1011 90 ces moz me lena en haut non pas en cors ma atant me

1725 1841 1067 83 porca entel leu que se toutes les langnes ⟦nio  iex⟧ parloie̾t

1676 1909 1111 90 ⁊ les cuers pensoient ⁊ oroilles escoutoient ne porroient il pas

1676 1977 1099 81 comprendre tante ioies que il ueu eust cent mille tanz en cel leu

1681 2023 1094 88 ⁊ se ie disoie que ce fust entier ciel la ou saint pol fu posse si ne qui

1686 2104 1096 63 diroie ie pas mentir mais re ne men uoil pas uenter mais tant

1688 2157 1084 81 puis ie bien dire que lame fu mostree ⁊ descouerte li ceptres donc

1688 2211 1087 85 saint pol dist que nule langue mortel ne doit descourir ⁊ quant

1686 2274 1086 103 ie oie tantes merueilles esgardees. Si mapela Langle ⁊ me dist

1688 2345 1075 88 as tu si grant merueilles nenes ⁊ ie dis que ie ne pensoie mie q̃

1693 2406 1075 83 ille si granz pensent estre ⁊ il me dit que il me mosterroit

1683 2469 1070 78 encore graignors. Lors me prist ⁊ si me mena en un antre.

1681 2532 1091 93 estage ui estoit aceuz dobles plus cler que uoirre ⁊ estoit plꝰ

1683 2606 1087 97 dolore que nus cuer ne porroit penser ⁊ aluecques me mostra

1681 2679 1082 80 Il sa force de latrinite apertement car ie ui deuisierement Le

1676 2752 1094 109 pere ⁊le fil ⁊le saint esprit ⁊ si ui come ces trois ꝑsones

1671 2839 1104 103 repatroient a une asanblance.⁊ a une dette ⁊ a une puissance

1664 2912 1106 108 ⁊ ne porquant se ie ai dit me ie ai uenes les trois Lame deuisee de

1669 2978 1101 110 Lantre. Ia poret ne me corrunt sus li en uioul. qui ne seruẽt

1673 3046 1090 100 fors des autres reprendre. ne por ce ⟦d⟧ ne dient tuit que iai ale

1676 3119 1089 103 contre Lautorite saint iohan le haut euangelistre qui dist

1678 3185 1082 107 que nus hom mortel ne uit onques le pere ne noer nel puet

1666 3256 1082 95 ⁊ ie men acort l⟦ ⟧u mais cuit cil qui Lont oi ne lont pas

1681 3307 1079 122 bien entendi car il ueut des homes mortex mais pois que la

1673 3395 1073 92 me est deseuree del cors donc est ce chose esperitex ⁊ quãt

1669 3451 818 136 cest esperitiex chose bien puet le pere noer
