2568 3708
607 335 718 200 faiz nostre Roy saint

597 523 695 111 looys. et ie les y oi en

597 620 697 101 conuenant. et a laide

597 710 761 124 de dieu le liure est assou

599 815 548 120 ui en .ii. parties.

737 918 594 122 a premiere partie

556 1015 756 107 si deuise comment il se

595 1120 689 111 gouuerna tout son

599 1211 715 105 tens selons dieu et se

599 1322 701 122 lonc leglise et au pro

601 1415 569 125 fit de son regne.

729 1520 534 107 a seconde partie

523 1598 798 138 du liure si parle si par

533 1707 783 126 le de ses granz cheuale

601 1806 759 118 ries et de ses granz faiz

601 1909 668 111 carmes. Sire pource

601 2010 695 117 quil est escript. Fai pre

603 2107 668 88 mier ce quil a fiert a

595 2204 715 94 dieu et il te adrescera.

603 2294 678 112 toutes ces autres be

599 2393 691 124 soignes ai ie fait es

601 2492 724 132 crire. ce qui afiert aus

1463 325 719 218 troiz choses desus dites.

1461 517 711 111 cest a sauoir. ce qui af

1455 603 781 124 fiert au profit des ames

1457 706 719 122 et des cors. et ce qui af

1457 799 727 121 fiert au gouuernemẽt

1477 902 349 139 du peuple.

1669 990 497 122 T ces autres cho

1657 1104 529 109 ses ai ie fait escu

1453 1209 737 94 ie aussi a lonneur du

1453 1316 737 90 urai cors saint pource

1446 1411 691 125 que par ces choses de

1405 1509 765 120 sus dites en pourra ue

1455 1600 702 120 oir tout cler que on

1455 1703 727 124 ques lõme lay de nos

1450 1796 718 123 tre temps ne resqui si

1455 1899 680 113 saintement de tout

1455 1989 766 122 son temps des le com

1455 2092 742 126 mencement de son reg

1457 2195 686 97 ne. Iusques a la fin

1457 2270 694 134 de sa uie. A la fin de

1457 2381 694 126 sa uie ne fus ie mie.

1457 2480 690 134 Maiz le conte pierre
