3278 4657
305.0 589.0 1044.0 150.0 des iouuẽceaux de herẽs garin

305.0 695.0 1031.0 143.0 begg̃ seignr̃ de belin fromõdin

313.0 783.0 1023.0 145.0 et guillẽ de monclin Ioyfroy et

308.0 861.0 1041.0 150.0 li ꝯte Iousselin. Si aleret parler

308.0 949.0 1030.0 158.0 au Roy pepin disans q̃ honte lui

315.0 1040.0 1039.0 165.0 estoit et q̃ mal ⟦lui⟧ estoit ꝯseille

305.0 1128.0 1056.0 173.0 de deuoier secours au duc terris

313.0 1239.0 1030.0 145.0 et la soursit grant debat entre

313.0 1319.0 1046.0 153.0 les ueillars et les Iouuẽceaux

310.0 1404.0 1054.0 156.0 Mes le Roy pepin ꝯdescendit a

318.0 1498.0 1012.0 147.0 la uolente des iouuẽceaux et

323.0 1593.0 1049.0 132.0 manda toute la cheualerie de

321.0 1666.0 1061.0 160.0 son Regne pour secourir le duc

323.0 1769.0 1051.0 135.0 terry et fut lassemblee a lyon

323.0 1844.0 1041.0 140.0 et la tornoya le Roy osez Iou

323.0 1935.0 1038.0 134.0 uenceaux et puis lui souruĩt

308.0 2007.0 1051.0 142.0 une maladie si grãt que il tͦua

313.0 2098.0 1048.0 139.0 par son ꝯseil que il lui estoit

310.0 2196.0 1031.0 124.0 mester de Retorner. Si furet

318.0 2274.0 1010.0 150.0 les Iouuẽceaux sens a grant

323.0 2359.0 1054.0 148.0 douleur. Si prieret le Roy de

323.0 2439.0 1026.0 153.0 leur bailler sa gent pour se

328.0 2522.0 1010.0 153.0 courir le duc terry et que

328.0 2594.0 1023.0 156.0 la lui pleust demorer et les

313.0 2675.0 1056.0 145.0 ueillars en sa cõpaignie et aĩci

323.0 2765.0 1023.0 153.0 fut ordonne. le roy fit chłrs

326.0 2848.0 1041.0 142.0 au bris hues de cãbres lale

323.0 2946.0 1049.0 145.0 mans auris Ioyffroy dangou

326.0 3029.0 1095.0 145.0 et anis qui tous parẽs estoiet

323.0 3109.0 1075.0 132.0 de loherens garin le Roy bail-

323.0 3200.0 1054.0 124.0 la la gouuernence de sa gẽt

321.0 3280.0 1009.0 119.0 a leherens garin et a begg̃

334.0 3360.0 1059.0 127.0 et cõmanda a sa gent de leur

336.0 3441.0 1018.0 129.0 obeir et en leur cõpaignie

1496.0 576.0 1033.0 145.0 fut fromondin guillẽ de mõclin

1486.0 690.0 1022.0 106.0 lalemans auris le borgoniõ au

1486.0 773.0 1048.0 124.0 bris tant cheuaucherẽt que il

1491.0 851.0 1038.0 119.0 uindrent. a .iiii. lieuez pres de

1496.0 941.0 1049.0 132.0 lost sarras̾ or fut ordonne dẽ

1501.0 1021.0 1028.0 127.0 noier gardoier lost sarras̾ dẽ

1491.0 1115.0 1043.0 137.0 par garin fut enuoie begg̾ son

1496.0 1205.0 997.0 132.0 frere henin et les̾ des mons

1486.0 1291.0 1043.0 131.0 de saint martin oncle de pãim

1486.0 1378.0 1004.0 125.0 de par fromondin hainies de

1494.0 1466.0 1056.0 119.0 ueoir bochans bernart de nasil

1494.0 1541.0 1033.0 138.0 et le conte hardins et quãt Ilz

1506.0 1627.0 1041.0 163.0 furẽt a la ueue de lost sarras̾ Ilz

1488.0 1723.0 1023.0 134.0 uirent tant de peuple q̃ bien

1499.0 1808.0 984.0 153.0 estoiet sarras̾ .x. contre un

1509.0 1893.0 1036.0 148.0 dont dit bernart q̃ le meille᷑.

1514.0 1986.0 989.0 122.0 estoie deulx en Retorner et

1514.0 2064.0 1005.0 137.0 auci fit fromont et tout son

1514.0 2157.0 1028.0 135.0 lignage. dit garin et tout son

1527.0 2243.0 1005.0 145.0 parente q̃ honte seroit de re

1522.0 2333.0 1018.0 142.0 torner et leur cõmanda de ꝑ

1519.0 2429.0 945.0 127.0 le roy pepin de lacõpaigner

1525.0 2501.0 1028.0 137.0 ainci cõme il leur auoit ꝯm̃de

1538.0 2592.0 1022.0 121.0 mes Ilz ne lui uoussiret obeir

1519.0 2672.0 1041.0 124.0 Si enuoiet garin un messag̾

1522.0 2752.0 1023.0 132.0 au Roy terris que il soit prez

1522.0 2833.0 950.0 126.0 de saillir hors de la uille o

1530.0 2920.0 1015.0 135.0 tout son pouoir qñt il ora

1535.0 3008.0 1020.0 143.0 effray en lost saras̾ le Iour sui-

1538.0 3099.0 1035.0 135.0 uant ordonna garin ses bataĩl

1532.0 3195.0 1010.0 129.0 et en sa cõpaignie fut aubris

1538.0 3288.0 1017.0 111.0 a un de coloigne, gauter richrẽ

1527.0 3365.0 1028.0 112.0 de normandie ernais Ioyffroy

1525.0 3443.0 1033.0 150.0 huez de nantez salomons begg̃
