3279 4657
778.0 592.0 989.0 129.0 croix le Roy charlles marteuͣs

776.0 703.0 976.0 135.0 enuoia ꝑ ung messager unez

771.0 773.0 1050.0 142.0 lrẽs contenans cõme les sarra

766.0 866.0 1053.0 130.0 zins lauoient assiege en la cite de

771.0 954.0 1058.0 124.0 troye et lui pͥoit de lui dõner seco᷑.

768.0 1040.0 1030.0 126.0 le plus brief q̃ il pourroit car

763.0 1115.0 1053.0 134.0 duremẽt estoit oppͤsse de ses ẽ

768.0 1197.0 1059.0 135.0 nemis, et quant le bon heruis oy

771.0 1280.0 1061.0 142.0 cestes nouuelles cõme bon subiet

771.0 1376.0 1019.0 111.0 et amy manda tout son pouoir

773.0 1456.0 966.0 114.0 et assembla troys mil hõmes

773.0 1539.0 1030.0 134.0 darmes pour uenir au secour son

773.0 1622.0 1041.0 139.0 seigneur et narresta Ioncq̃s a tãt

776.0 1707.0 1022.0 129.0 que il fut atroye. Si ferit sur les

771.0 1787.0 991.0 119.0 sarrazins et moult yot cruelle

773.0 1870.0 1015.0 119.0 bataille. Et quant le roy charlez

781.0 1950.0 1043.0 135.0 oy lecri si sailli hors de la uille et

778.0 2036.0 1051.0 126.0 combati si uaillaumẽt q̃il obtint

778.0 2131.0 1007.0 117.0 la bataille et toꝰ sarrazins furet

784.0 2204.0 1048.0 121.0 mors et desconfiz. mes ung molt̃

784.0 2292.0 1004.0 93.0 grant mal auint ce iour par

778.0 2349.0 1059.0 134.0 la crestiente, car le bon Roy charl

781.0 2437.0 1040.0 121.0 fut a mort nafre. Et a ceste ba

786.0 2512.0 1046.0 124.0 taille fut tue .s. lens et a ceste

784.0 2592.0 1012.0 119.0 bataille fut gaine le sauueres

784.0 2664.0 1050.0 135.0 qui est a troye cõme lystoire dit

773.0 2742.0 997.0 129.0 Et fut mis a saint poul leroy

784.0 2820.0 1056.0 126.0 ce fit aporter a paris et fut ma

781.0 2897.0 1035.0 132.0 lade par aucun temps et en sa cõ

781.0 2975.0 1040.0 142.0 paignie fut le duc heruis par le

786.0 3055.0 1051.0 127.0 conseil du quel le roy fit corõner

786.0 3135.0 1067.0 153.0 son filz pepin pendant ‸ ᷤ ͣmaladie et

789.0 3226.0 1061.0 127.0 tout apres ce morut dieu en lait

786.0 3301.0 1069.0 142.0 lame car noble Roy fut il fut en

784.0 3394.0 771.0 207.0 terre a sainct Denis.

2012.0 597.0 179.0 256.0 L

2254.0 605.0 815.0 153.0 E duc heruis prist cõgie

2267.0 714.0 753.0 121.0 du Roy pepin et sen tor

2257.0 799.0 750.0 97.0 na enson pais et tuͦa

1979.0 861.0 1061.0 127.0 parson conseil que il estoit bon q̃

1982.0 941.0 1043.0 127.0 il fust marie si manda par labbe

1972.0 1029.0 1048.0 106.0 degonde au Roy henrry decarra

1997.0 1104.0 1015.0 124.0 stõe que il luy enuoiast sa fille

1979.0 1190.0 1051.0 132.0 alis et il lui enuoya uolentiers ⁊

1977.0 1270.0 1030.0 140.0 degre si lespousa a saint renol

1977.0 1358.0 1025.0 132.0 Et la premiere nuyt que il Iut

1977.0 1446.0 1056.0 129.0 o elle ce fut en si bon heure que

1977.0 1531.0 996.0 124.0 il luy engendra ung filz qui

1987.0 1617.0 1056.0 134.0 fut nõme loherens garin qui fut

1979.0 1704.0 1061.0 132.0 si noble cheualier cõme il apa

1979.0 1795.0 1054.0 124.0 ra ꝑ ceste ystoire et puis ot ung

1982.0 1880.0 1033.0 127.0 aultre filz qui ot a nom beggon

1981.0 1975.0 1026.0 120.0 qui fut seigneur degasco ͤ. et du

1985.0 2056.0 1029.0 105.0 chastel de bellin. Et un filles de

1979.0 2131.0 1059.0 143.0 laisnee yssi aubris duc de bour

1987.0 2227.0 1069.0 135.0 goigne. de la seconde li alemans

1972.0 2315.0 1084.0 142.0 auois et de la tierce girart du liege

1943.0 2413.0 1100.0 127.0 te la quarte hues de chambresise

1974.0 2501.0 1061.0 104.0 gauter conte deharnau. de la

1977.0 2576.0 1074.0 127.0 u ͤ ⟦aureis⟧ arneis le conte dorli

1987.0 2670.0 1017.0 116.0 ens et garner de paris. de la

1953.0 2745.0 1106.0 131.0 .ui.ͨ hues de Rains. de la .uii ͤ. Ioy

1992.0 2843.0 1007.0 121.0 froy conte damon. et de cestuy

1961.0 2902.0 1119.0 163.0 linage sut salomons cil qui tint

1990.0 3016.0 1074.0 127.0 bretaigne hoians de nantes et

2010.0 3102.0 1033.0 142.0 son frere landris, or fut marie

1984.0 3192.0 1095.0 142.0 heruis, o la belle alis. mes tout

1982.0 3280.0 1082.0 142.0 apres les sarrazins qui moult

1990.0 3373.0 1069.0 140.0 le haient uindrent en son pais

1995.0 3469.0 1082.0 155.0 a grant puissance et fort destrueret
