3279 4657
737.0 571.0 1015.0 140.0 le faisoit seruir et que pou re-

745.0 672.0 1043.0 124.0 gardoit que bien et longuement

737.0 758.0 1007.0 126.0 le seruoit et lors sourcit enuie

737.0 833.0 1059.0 137.0 entre hardres et son filz fremõt

740.0 913.0 1074.0 152.0 et‸le herens garin et son frere beg

745.0 1003.0 1074.0 145.0 gon. beggon mercia le roy hum

742.0 1084.0 1056.0 129.0 blement et lui pria que la terre

745.0 1166.0 1056.0 158.0 fust a son frere Ioucques a tant q̃

742.0 1247.0 1056.0 150.0 il seroit chlr̃ qui li sut ⁊aporte

729.0 1335.0 1077.0 157.0 a ung bien et honneur. Tãtost

732.0 1435.0 1064.0 127.0 apres uint ung messager au roy

734.0 1505.0 1067.0 155.0 et lui dit q̃ caraisse estoit assiege

742.0 1596.0 1015.0 163.0 ꝑ les flãmans dautre le rin si

745.0 1684.0 1051.0 155.0 coy ordoma le roy pour la aller si

745.0 1767.0 1014.0 155.0 manda sa cheualerie et tant q̃

745.0 1852.0 1043.0 163.0 il ot .lx. chlr̃s mil ou plus. Et

742.0 1950.0 1033.0 150.0 lors fit il chlr̃s leherens garin

750.0 2049.0 1046.0 147.0 et son frere beggon et fromont ⁊

755.0 2139.0 1059.0 148.0 guill̃e de mõclin son frere ⟦h⟧ lehe

755.0 2227.0 1051.0 148.0 rens porta lenseigne saint denis

750.0 2318.0 1056.0 142.0 beggon Ranga lost et les nouue

753.0 2400.0 1027.0 148.0 aux chlr̃s suret charges o tout

745.0 2468.0 1082.0 170.0 .xxl. mil pour Rompre le siege si le

760.0 2571.0 1077.0 161.0 firet moult uaillaument mes de

760.0 2657.0 1012.0 160.0 tous en enporta le pris beggon

758.0 2726.0 1079.0 171.0 pour laiornee et quant se uint

755.0 2820.0 1072.0 152.0 a partir le boutin beggon dõna

760.0 2902.0 1041.0 171.0 le sien a ceulx que il lui sembla

768.0 2993.0 1002.0 171.0 qui bien lauoit des̾ui apres

766.0 3086.0 1068.0 166.0 torna le Roy sur le pais de flãdres

768.0 3182.0 1056.0 145.0 pour destruire la contree, mes

771.0 3265.0 1066.0 147.0 les flãmans lui uindret mercy

776.0 3365.0 1051.0 132.0 crier et ala Requeste de beggon

773.0 3435.0 1051.0 181.0 le Roy leur ꝑdonna lors pria le

1969.0 571.0 1064.0 145.0 herens garin au Roy que il luy

1972.0 670.0 1084.0 132.0 pleust aider a recouurer la uille

1964.0 768.0 1074.0 124.0 de mes que a tort detenoit be

1972.0 848.0 1079.0 135.0 Roy anseis le roy lui greanta et

1972.0 931.0 1040.0 132.0 torna son ost uers mes et lors

1966.0 1016.0 1056.0 143.0 bailla son enseigne a fromondin

1966.0 1107.0 1074.0 147.0 et qñt il fut a mes manda par

1966.0 1197.0 1054.0 143.0 hardres au Roy anseis que il

1964.0 1291.0 1058.0 150.0 luy Rendist son frere. Et le Roy

1969.0 1384.0 1087.0 142.0 anses uoians q̃ il nauoit cãe

1961.0 1479.0 1105.0 127.0 dele detenir lui Randit, mes et

1977.0 1573.0 1043.0 137.0 le Roy la bailla a herens garin

1982.0 1660.0 1066.0 166.0 et enfut son hõme cõme dauãt

1984.0 1787.0 816.0 153.0 et atant sen retorna.

2329.0 1870.0 686.0 166.0 R dit li contez

2336.0 1989.0 686.0 137.0 que tout apres le

1997.0 2074.0 1067.0 148.0 duc terris duc de moriene ⁊

1995.0 2160.0 1097.0 160.0 de bal ꝑfũda enuoia un messag̾

1987.0 2261.0 1061.0 147.0 au Roy pepin Ioyfroy le fieulx

1992.0 2354.0 1077.0 145.0 gaudin gauter et le cõte har

1982.0 2444.0 1087.0 140.0 dõm qui lui firẽt sauoir de par

1987.0 2532.0 1087.0 135.0 le dit conte q̃. quatre Roy sarra

2000.0 2626.0 1071.0 129.0 zins estoiet entrez en sa terre et

1997.0 2711.0 1054.0 134.0 lauoiet asiege en la cite de mo

2008.0 2791.0 1058.0 137.0 riane et lui pͥait de secours le

2000.0 2892.0 1038.0 137.0 Roy par le cõseil de hardres et

1992.0 2967.0 1100.0 150.0 de heruis et des uailãs de son cõ

2018.0 3065.0 1007.0 137.0 seil leur deuoia secours. Si

2028.0 3158.0 1023.0 145.0 furet les messagiers terris en

2005.0 3241.0 1048.0 150.0 grans pleurs et iemissemans

2003.0 3327.0 1068.0 145.0 en regretãt la destruction de leur

2023.0 3422.0 1069.0 171.0 pais. Et ce uint a la cognoissãce
