3278 4657
357.0 589.0 1048.0 156.0 son pais. Si enuoia por secours auoir

336.0 698.0 1069.0 135.0 au Roy pepin mes le Roy parle cõseil

344.0 794.0 1046.0 129.0 de hardres li denoya secours et

344.0 874.0 1059.0 135.0 quant heruis sceut sa uolente du

344.0 967.0 1056.0 127.0 Roy pepin si fut moult esbay et

346.0 1055.0 1065.0 124.0 autres fois enuoia ꝑ deuers lui en

344.0 1133.0 1061.0 129.0 lui priant de secours et que il lui

349.0 1215.0 1041.0 138.0 pleust a souuenir du beau seruice

349.0 1303.0 1077.0 135.0 que il auoit fait a charlles mar

339.0 1389.0 1082.0 137.0 teaux son pere. et si secours don

328.0 1469.0 1057.0 142.0 ner ne lui uouloit il lui failloit

352.0 1578.0 1053.0 129.0 ailleurs pourueoir et tenir sa

341.0 1671.0 1072.0 109.0 terre daut̾ seigneur et non par

352.0 1743.0 1017.0 104.0 tant le roy ne le secouri. Si sen

349.0 1816.0 1067.0 132.0 alla heruis par le cõseil de Iosselui

346.0 1904.0 1057.0 129.0 au roy anseis et le trouua a coloi

357.0 1992.0 1046.0 119.0 gne sur le rin et lui pͥa de secours

334.0 2077.0 1033.0 127.0 et que il tiendroit sa loe de luy

349.0 2157.0 1007.0 111.0 Si lui fit le roy anseis grande

349.0 2235.0 1051.0 106.0 chiere et lui greanta et ala a

339.0 2312.0 1022.0 114.0 mes o .xx. mil cheualiers et

341.0 2385.0 1077.0 124.0 heruis en ot assemble .iii ͨ. Si as-

349.0 2468.0 1067.0 116.0 semblerent contre les sarrazins

334.0 2553.0 1090.0 114.0 enual demes et gaingneret la

328.0 2631.0 1039.0 119.0 bataille. mes ung teiror fery

326.0 2716.0 1038.0 119.0 heruis le nafra de si gñt plaie

331.0 2796.0 984.0 122.0 que tantost morut. Et le Roy

331.0 2876.0 1023.0 120.0 anseis quant il sceut la mort

321.0 2959.0 1053.0 145.0 heruis antra la uille demes et

359.0 3052.0 839.0 171.0 soy saisit de la dicte uille

675.0 3146.0 650.0 152.0 R. dirons : De

670.0 3259.0 748.0 130.0 loherens garin et de

331.0 3332.0 1033.0 140.0 son frere beggon. quant leur

310.0 3425.0 1010.0 166.0 maistre et que le Rey anseis

1569.0 587.0 1040.0 137.0 entroit la cite il eut grant paour

1563.0 690.0 995.0 122.0 ⁊ les ẽmena a leuesque de cha

1558.0 773.0 1013.0 129.0 lons hẽris qui estoit leur oncles

1558.0 853.0 1059.0 135.0 et la furet .uii. ans. Et puis leuesq̃

1561.0 941.0 1033.0 130.0 les mena au Roy pepin et les Re

1563.0 1027.0 1031.0 121.0 ceupt en sa court pour son corps

1569.0 1102.0 986.0 121.0 seruir. Et hardres dit au Roy

1558.0 1182.0 1020.0 127.0 que il seroient ꝯpaignons son

1569.0 1267.0 1033.0 135.0 fil fromondin or soy panet les

1556.0 1363.0 1056.0 124.0 enfans de bien seruir le Roy. et

1558.0 1443.0 1036.0 132.0 moult prist grant plaisir le Roy

1561.0 1544.0 986.0 124.0 en seruice beggon car bien le

1556.0 1624.0 1012.0 135.0 seruoit a son plaisir il auint q̃

1550.0 1725.0 1041.0 127.0 le seigneur de gascoigne morut

1558.0 1813.0 992.0 130.0 sans an si uindrent ceulx de

1558.0 1906.0 1062.0 130.0 gascoigne au Roy pepin pour po᷑.

1553.0 1997.0 1069.0 111.0 ueoir au gouu̾nement du pais

1553.0 2077.0 1049.0 124.0 le Roy fut moult corrousse de

1545.0 2152.0 1059.0 135.0 la mort du seigneur de gascoig ͤ.

1550.0 2250.0 1072.0 127.0 car moult lamoit hardies pour

1553.0 2344.0 1085.0 129.0 ꝯforter le roy, les mors, oles mors

1545.0 2434.0 1072.0 127.0 et les uiz o les uiz et lui donna

1545.0 2527.0 1018.0 124.0 conseil que puis ung bon amy

1538.0 2607.0 1051.0 130.0 auoit ꝑdu que de gasco ͤ il feist

1538.0 2706.0 1082.0 139.0 ung autre bon amy et ce il diso ͭ.

1550.0 2794.0 1031.0 142.0 affin que le Roy feist le don a son

1550.0 2882.0 1047.0 150.0 filz fromondin. Et le Roy lui dit

1540.0 2970.0 1020.0 145.0 que bien cõseilloit si regarde

1519.0 3068.0 1036.0 127.0 darriere lui si uit beggon et

1530.0 3156.0 1059.0 127.0 lappelle et lui donna led̾ pais

1522.0 3236.0 1038.0 135.0 de gasco.ͤ et en fit son homme

1532.0 3327.0 1059.0 124.0 beggon. Et quant haidrez uit

1535.0 3409.0 1049.0 117.0 la uolente le Roy il fut moult

1545.0 3482.0 1054.0 129.0 corrouce et dit au Roy q̃ mal
