2600 3819
282.0 458.0 144.0 89.0 urion

498.0 352.0 1711.0 135.0 retient le plon iene di pas pour haine ne pour nulle soupecon mes gattiez

500.0 451.0 1773.0 109.0 nous du ⟦sourcon⟧ que uous ni chaiez souinne. Ialoustie est ma uoisinne par qͦi

500.0 511.0 1845.0 117.0 ennostre occhoison me fait dire desraison si men donnez desceplinne. Dans li bocus.

672.0 715.0 1541.0 101.0 Ont plus se painne amours de moi esprendre quele ne fet de mes

496.0 908.0 1673.0 112.0 maus alegier. mes ie ne doi mie ace garde prendre ainz doi chanter aussi

488.0 1105.0 1706.0 123.0 com meust chier nest pas amis qui uit a son haidier mes qui sert en auen

488.0 1315.0 1689.0 102.0 ture car amours de sa nature atrait dessirrer espoir penser et ueillier.

488.0 1379.0 1732.0 101.0 Et qui tout ce nose de cuer enprendre dignes ne puet estre dauoir louier

492.0 1455.0 1728.0 93.0 ains ueut sa dame enguignier et souspendre dont chacune se doit trop bien gaiter

488.0 1514.0 1734.0 100.0 car le loial ne puet nulle enchacier ia tant ne li sem dure mes cils qui souffrir nẽ

486.0 1574.0 1700.0 110.0 dure sil faut aupͥer aillieurs se ua pourchacier. Ie ne di pas dame pour uous

488.0 1644.0 1702.0 108.0 aprandre car nus en uous ne saroit quẽ seignier. sage et uaillanz estez pour nous

483.0 1712.0 1743.0 99.0 deffendre et bien sauez cognoistre .i. losengier. de uous ne se conuient mie esmaier

441.0 1780.0 1753.0 108.0 mes ialousie et ardure et ce que uous cure de moi auancier me font merueilles

481.0 1843.0 1692.0 108.0 cuidier. Helas ie ne sai mes a quoi entendre car ie uous ai amee sanz trichier

481.0 1920.0 1775.0 89.0 lonc tans conques ne men daignates rendre nis .i. seul tis pour uoir loz tesmoigner

458.0 1983.0 1749.0 102.0 car con plus ai de uo secours mestier et mains uous entruis osture. cuidiez uous por

479.0 2045.0 1715.0 95.0 estre sure ne pour esmaier mon cuer de uous esloingnier. Onuoit pour miex

479.0 2111.0 1711.0 108.0 legrant disner atendre souuent .i. rehaignet aincois mengier. saussi uouliez

437.0 2168.0 1742.0 114.0 dame aice deffendre et ceus hieres donner pour moi aidier cun bel semblant

460.0 2242.0 1753.0 115.0 eusse ore au premier de uo tres douce figure iamais a desconfiture si que de chan

473.0 2312.0 1053.0 104.0 ger ne seroie pour cuer fier. dans li bocus .

609.0 2514.0 1555.0 106.0 Ource se ie nai este chantans et tolis nai ie mie mains ame ains sur

464.0 2709.0 1717.0 106.0 plus souspris conques mes et plus espris car bouhours. roube enuoisie. biaus

462.0 2908.0 1719.0 113.0 chanters langue polie ne soulers agus. lamour pas ne senefie. Mais fins cu

2256.0 239.0 138.0 94.0 231

2237.0 1752.0 208.0 172.0 ⁜nauez
