2628 3820
343.0 721.0 172.0 119.0 desirr

592.0 509.0 1747.0 108.0 trop hautement a: choisi mes cuers ce mamort las pour quoi samort a tel dame

1220 585 1092 102 Les outrages que font li fol hardi comperent

1216.0 651.0 1148.0 89.0 cil alafie qui de serui ne lont mie he las pour mon

592.0 719.0 1743.0 85.0 ⟦seruir⟧ que ie nos hanter. uolentien cuer le di. quia fet estu demi pour auoir

598.0 783.0 1635.0 84.0 descort et semblant en tort car cors ne puet contrester on cuer ueut beier.

596.0 848.0 1743.0 83.0 las quel guerredon sont enrichi lont tans a que ien mendie et sen offre le moi

598.0 912.0 1707.0 102.0 tie plus cantres ne feroit ie sai deffi. car pieca que ien offri moi touz sanz

596.0 988.0 1719.0 85.0 resfort ma dame ara tort cele laist pour pis trouuer se guerredon eschaper.

564.0 1044.0 1734.0 106.0 Mes richesse et biaute laingle si dont ele se glorefie quelle me gage et

598.0 1116.0 1700.0 78.0 oublie pource que ne me uoit ⟦parler⟧ ali de grace et donneur aussi Ie sui a

598.0 1182.0 1734.0 84.0 mauport pour auoir deport car tiens ne puis demander que weuille greuer.

573.0 1252.0 1734.0 93.0 Ne dame secourez mon cuer ioli qui en amer monteplie et ueilliez uo seig

596.0 1320.0 1760.0 93.0 nourie tant que ie soie aidiez metre en oubli. car onques fors moi ne ni amer

596.0 1383.0 1734.0 89.0 nul si fort ne si outre bort si men conuient conforter en mon esperer. Sire da

602.0 1453.0 1735.0 89.0 miens dont iai bien dire oi fai ie sauoir ou folie qui me tieng en labaillie

602.0 1519.0 1179.0 87.0 damours ꝑmi le mal que ie santi. Adans li bocus.

337.0 1124.0 157.0 119.0 pareil

717.0 1706.0 1586.0 95.0 Ame uos hom uous estreinne dune nouuele chancon or uenrai

592.0 1912.0 1696.0 85.0 a nostre don se courtoisie iest fine ie uous ain sanz traison atort men

602.0 2098.0 1686.0 96.0 portes coerrnie car con plus auez fuisson de biaute sanz mesprison plus

1137 2164 1175 108 Tel fait doit done roine par donner a .i. garron

1135.0 2236.0 1170.0 85.0 quẽ cuer na point de raison ou amours met se sai

594.0 2302.0 1749.0 98.0 fort cuers si en racine. siune ausitost nameroit ou une caitiue meschine

594.0 2385.0 1715.0 93.0 et de male boichon cune de clere facon blanche riant et rosme. En uous

596.0 2446.0 1705.0 87.0 ai mis de rauine cuer et cors uie et renon. quoi que soit de guerredon ie

600.0 2514.0 1698.0 89.0 nai ⟦mis⟧ qui pour moi fine tant ai mis en abandon et sestes ailleurs en

600.0 2580.0 1752.0 89.0 cline car ie truis semblant felon et hueure de guẽnelon autres got dont

604.0 2642.0 1726.0 91.0 iai famine Helas iai a bonne estrennie le couchie du baston quant ie

607.0 2710.0 1696.0 82.0 uous di abandon de mon cuer tout le couuine pour uenir a garison uo

600.0 2775.0 1783.0 85.0 bouche adire ne fine que ia naraise mal non et que tout pert mon sermõ

596.0 2845.0 1702.0 87.0 bien semblez estre deuine. Uous faites chapel despine sostez le uermeil

596.0 2907.0 1730.0 119.0 bouton. qui mieus naut esgardez mon comme cils qui lor afine laist lor et

1638.0 3550.0 261.0 115.0 retient
