8564 5931
1159.0 1051.0 2890.0 220.0 eñ ꝙ de his que cause cognicoẽm exigunt te aliqualiter introunctas. Pñtib

1173.0 1196.0 1604.0 154.0 post annum mime ualitur Datum ⁊c

1756.0 1634.0 1476.0 191.0 Autre de bitis ꝑ deuant un iuge Royal

1769.0 1769.0 1321.0 132.0 des demourans en sa iur̃dicion.

1482.0 1838.0 2607.0 191.0 harles. ⁊c Au premier ⁊c. A la supplication de tel p̾uost ou f̾mier

1486.0 1963.0 2464.0 152.0 de tel lieu. Nous te mandons ⁊ cõmectons q̃ toutes les debtes

1466.0 2052.0 2494.0 158.0 bonnes ⁊ loyaulx cogneues ou prouuees par lettres tesmoings

1179.0 2154.0 2778.0 132.0 instrumens confession de partie ou aut̾s loyaulx enseignemens qui

1173.0 2237.0 2774.0 145.0 tapperront estre deues au dit suppł. Tu lui faces paier, cõme en la

1163.0 2326.0 2771.0 171.0 p̾cedent iusques. A diourne les opposans reffus̾ ou delayans a c̾tain

1176.0 2444.0 2781.0 149.0 ⁊ competant iour ou iours. Cest assauoir ceulx qui lui sont ou seront

1176.0 2523.0 2807.0 159.0 tenus acause de ⁊c, et demourans en tele seneschaucie ou iurisdicion

1176.0 2626.0 2791.0 141.0 pardeuant le senesthal ou Iuge du dit lieu et les aut̾s pardeuant les

1182.0 2701.0 2834.0 172.0 iuges ou leurs lieuxteñ ausquelz la congnoissance en apꝑtendra. Po᷑

1173.0 2813.0 2810.0 139.0 dire les causes de leur oppoñ Reffuz ou delay Respondre proceder et

1182.0 2893.0 2805.0 154.0 aler auant en oultre selon raison. En c̾tiffiant souffisãment au dit

1179.0 2998.0 2705.0 158.0 iour ou iours le dit tel Iuge ⁊ iceulz Iuges. Ausquelz iuges nous

1186.0 3087.0 2876.0 155.0 mandons et au dit tel sen ͣᷝ ᷝ ou Iuge pour tele cause ⁊ pour tele, Com̃ectõs

1186.0 3186.0 2774.0 151.0 que entre les parties Icelles oyes Ilz facent bon ⁊ brief droit. Non obst̾

1182.0 3275.0 1849.0 164.0 quelzconques lrẽs destat ⁊ comme ou premier

1219.0 3495.0 2764.0 201.0 Nota que en un debetis, et non pas seulem̃t en ce. mais aussi en tout

1107.0 3647.0 2833.0 152.0 autres les patentes qui se adrescent a huissier ou ẜgent, On y doit

1192.0 3759.0 2755.0 132.0 mectre ce mot. Com̃ectons. Pource quilz ne peuent ou doiuent Riens

1186.0 3845.0 2774.0 135.0 executer se nest par la cõmission auctͣe ⁊ commandem̃t dautrui greigñr

1169.0 3930.0 2771.0 132.0 de lui. Se mestier est ⁊ a ce sont obligiez, Car aut̾ment Il ny cherroit

1173.0 4026.0 2777.0 148.0 pas de tencõn ne emprisonnem̃t des personnes. Soubz seaulx Royaulx

1163.0 4122.0 2761.0 141.0 Pource que de choses passees soubz autres seaulx quelques autentiq̃s

1166.0 4220.0 2685.0 126.0 quilz soient. le Roy nen donne point de main garnie en cas doppõn

1176.0 4299.0 2596.0 122.0 Ausquelz nous mandons Il ny fault point mectre et cõmectons

1176.0 4382.0 2751.0 231.0 Pource quilz sont ordinair̃ des parties et en peuent cognoistre sanz

4662.0 1070.0 2821.0 248.0 com̃ission dautruy. Nonobstans quelzconq̃s lrẽs destat ⁊c Ausquell̃ ⁊c

4662.0 1245.0 2768.0 161.0 Toutes les clauses y doiuent estre mises, espãlment est neccessaire dy

4675.0 1344.0 2686.0 171.0 mettre ces deux derrenieres clauses. Tout nous te ⁊c Et ces pñtes

4672.0 1433.0 1450.0 161.0 ap̃s un an non ualables. Donne ⁊c.

4639.0 2072.0 2633.0 181.0 Cõmictius aux Requestes pour un officier du Roy en ordonnance.

4955.0 2197.0 2524.0 155.0 harles ⁊c. Au premier huissier de nr̃e parlement ou des Requestes

4962.0 2293.0 2435.0 158.0 de nr̃e hostel ou autre nr̃e sergent qui surce sera Requis salut

4590.0 2392.0 2774.0 155.0 A la supplicacion de nr̃e ame ⁊ feal clr̃c notaire ⁊ sec̾taire tel

4629.0 2487.0 2824.0 149.0 estant acause de son dit office et aut̾ment en nr̃e protection ⁊ sauueg̾de

4669.0 2579.0 2715.0 155.0 espãl. Et lequel dabondant auecques sa famille droiz chos̾ poss̾ons

4662.0 2678.0 2702.0 142.0 ⁊ biens quelzconques nous y auons prins ⁊ mis p̃nons ⁊ mectons

4659.0 2774.0 2748.0 142.0 par ces pñtes A la cons̾uacon de son droit tant seulement. Nous te

4662.0 2869.0 2784.0 142.0 mandons ⁊ cõmectons q̃ le dit suppliant tu maintiengnes ⁊ gardes en

4655.0 2962.0 2818.0 148.0 toutes ses iustes possessions droiz usaiges franchises libertez ⁊ saisiñ

4655.0 3067.0 2768.0 132.0 esquelles tu le trouu̾as estre ⁊ ses predecesseurs auoir este paisiblem̃t

4659.0 3159.0 2675.0 142.0 danciennete et le defend de toutes iniures uioleñ griefz opp̃ssions

4669.0 3245.0 2873.0 158.0 molestaciõns. de force darmes de puissance de laiz et de toutes inq̾etacꝭ

4672.0 3347.0 2794.0 145.0 ⁊ nouuelletez Indeues. Lesquelles se tu trouues estre ou auoir este ftẽs

4662.0 3446.0 2781.0 132.0 ou p̃uidite de nr̃e dcẽ sauuegarde ⁊ dudit suppl̃. fay les Ramener par

4659.0 3538.0 2755.0 142.0 iuge competant et Remettre tantost ⁊ sanz delay au p̾mier estat ⁊ deu

4655.0 3640.0 2778.0 109.0 et pource faire a nous ⁊ au dit suppł amende conuenable. Et nr̃e pñte

4652.0 3743.0 2748.0 128.0 sauuegarde publie ⁊ Intime es lieur ⁊ aux personnes ou Il aꝑꝑtendra

4649.0 3828.0 2705.0 126.0 et dont tu seras Requis. Et en signe dicelle en cas deminent peril

4659.0 3924.0 2718.0 112.0 met ⁊ appose noz pennonceaulx ⁊ batons Royaulx en ⁊ sur les lieux

4659.0 4019.0 2755.0 129.0 maisons manoirs terres granches poss̾ons biens ⁊ choses quelzconq̃s

4639.0 4115.0 2771.0 128.0 dudit suppł. En defendant de tout par nous a toutes les personnes

4649.0 4204.0 2708.0 132.0 dont tu seras Requis ⁊ quil appartient, Sur c̾tainnes ⁊ grosses peines

4649.0 4299.0 2689.0 136.0 a nous a appliquer q̃ audit suppl̶ sa famille droiz chos̾ poss̾ons et

4649.0 4395.0 2689.0 119.0 biens quelzconques ne meffacent ou facent meffe̾ en aucune mainẽ

4642.0 4464.0 2663.0 218.0 Et se sur ce naist debat ou oppoñ le debat ⁊ la chose contencieuse

7311 764 210 250 .iiiiͤ.
