<?xml version="1.0" encoding="UTF-8"?>
<alto xmlns:xsi="http://www.w3.org/2001/XMLSchema-instance"
      xmlns="http://www.loc.gov/standards/alto/ns-v4#"
      xsi:schemaLocation="http://www.loc.gov/standards/alto/ns-v4# http://www.loc.gov/standards/alto/v4/alto-4-2.xsd">
  <Description>
    <MeasurementUnit>pixel</MeasurementUnit>
    <sourceImageInformation>
      <fileName>btv1b53000323h_f762.jpg</fileName>
      
    </sourceImageInformation>
  </Description>
  
  <Tags>
    <OtherTag ID="BT1" LABEL="Title" DESCRIPTION="block type Title"/><OtherTag ID="BT2" LABEL="Main" DESCRIPTION="block type Main"/><OtherTag ID="BT3" LABEL="Commentary" DESCRIPTION="block type Commentary"/><OtherTag ID="BT4" LABEL="Illustration" DESCRIPTION="block type Illustration"/><OtherTag ID="BT7904" LABEL="NumberingZone" DESCRIPTION="block type NumberingZone"/><OtherTag ID="BT7905" LABEL="QuireMarksZone" DESCRIPTION="block type QuireMarksZone"/><OtherTag ID="BT7906" LABEL="RunningTitleZone" DESCRIPTION="block type RunningTitleZone"/><OtherTag ID="BT7907" LABEL="SealZone" DESCRIPTION="block type SealZone"/><OtherTag ID="BT7908" LABEL="StampZone" DESCRIPTION="block type StampZone"/><OtherTag ID="BT7909" LABEL="TableZone" DESCRIPTION="block type TableZone"/><OtherTag ID="BT7910" LABEL="TitlePageZone" DESCRIPTION="block type TitlePageZone"/><OtherTag ID="BT7897" LABEL="DamageZone" DESCRIPTION="block type DamageZone"/><OtherTag ID="BT7898" LABEL="DecorationZone" DESCRIPTION="block type DecorationZone"/><OtherTag ID="BT7899" LABEL="DigitizationArtefactZone" DESCRIPTION="block type DigitizationArtefactZone"/><OtherTag ID="BT7900" LABEL="DropCapitalZone" DESCRIPTION="block type DropCapitalZone"/><OtherTag ID="BT7901" LABEL="MainZone" DESCRIPTION="block type MainZone"/><OtherTag ID="BT7902" LABEL="MarginTextZone" DESCRIPTION="block type MarginTextZone"/><OtherTag ID="BT7903" LABEL="MusicZone" DESCRIPTION="block type MusicZone"/>
    <OtherTag ID="LT1" LABEL="Main" DESCRIPTION="line type Main"/><OtherTag ID="LT2" LABEL="Numbering" DESCRIPTION="line type Numbering"/><OtherTag ID="LT3" LABEL="Correction" DESCRIPTION="line type Correction"/><OtherTag ID="LT4" LABEL="Signature" DESCRIPTION="line type Signature"/><OtherTag ID="LT2678" LABEL="DefaultLine" DESCRIPTION="line type DefaultLine"/><OtherTag ID="LT2679" LABEL="DropCapitalLine" DESCRIPTION="line type DropCapitalLine"/><OtherTag ID="LT2680" LABEL="HeadingLine" DESCRIPTION="line type HeadingLine"/><OtherTag ID="LT2681" LABEL="InterlinearLine" DESCRIPTION="line type InterlinearLine"/>
  </Tags>
  
  <Layout>
    <Page WIDTH="2842"
          HEIGHT="3781"
          PHYSICAL_IMG_NR="0"
          ID="eSc_dummypage_">
      <PrintSpace HPOS="0"
                  VPOS="0"
                  WIDTH="2842"
                  HEIGHT="3781">
        
        <TextBlock HPOS="596.0"
                   VPOS="571.0"
                   WIDTH="923.0"
                   HEIGHT="2535.0"
                   ID="eSc_textblock_18da9f4a"
                   TAGREFS="BT7901">
          <Shape><Polygon POINTS="811 571 1360 588 1452 596 1469 630 1486 2106 1519 2426 1486 2520 1486 3031 1444 3089 840 3106 613 3089 596 3056 613 2848 655 2829 672 2747 781 2661 773 2562 672 2526 613 2459 613 2335 655 2249 647 1672 664 1596 773 1443 765 1344 647 1317 622 1075 655 899 723 829 689 621 811 571"/></Shape>
          
          
          <TextLine ID="eSc_line_68b762b2"
                    TAGREFS="LT2678"
                    BASELINE="653 644 1431 632" 
                    HPOS="651.0"
                    VPOS="577.0"
                    WIDTH="780.0"
                    HEIGHT="95.0">
            <Shape><Polygon POINTS="653 644 653 670 813 672 815 672 817 672 824 670 840 661 870 670 880 672 882 672 884 672 887 672 893 670 914 659 1032 667 1044 667 1046 667 1048 667 1051 667 1063 657 1076 667 1078 667 1080 667 1082 667 1088 667 1135 657 1429 663 1431 632 1429 592 1387 579 1385 579 1383 579 1381 579 1360 590 1353 594 1259 594 1250 590 1236 577 1233 577 1231 577 1191 577 1189 577 1187 577 1156 590 1137 596 1116 588 1090 579 1088 579 1086 579 1084 579 1061 588 1032 598 948 588 945 588 943 588 941 588 868 600 821 586 819 586 817 586 651 586 653 644"/></Shape>
	    <String CONTENT="Dou li uilain soient pendu. Ia nan soiẽt"
                    HPOS="651.0"
                    VPOS="577.0"
                    WIDTH="780.0"
                    HEIGHT="95.0"></String>
          </TextLine>

          
          
          <TextLine ID="eSc_line_6cf6a8f3"
                    TAGREFS="LT2678"
                    BASELINE="666 709 897 709" 
                    HPOS="666.0"
                    VPOS="649.0"
                    WIDTH="231.0"
                    HEIGHT="81.0">
            <Shape><Polygon POINTS="666 709 666 730 897 728 897 709 897 672 666 649 666 709"/></Shape>
	    <String CONTENT="il deffendu."
                    HPOS="666.0"
                    VPOS="649.0"
                    WIDTH="231.0"
                    HEIGHT="81.0"></String>
          </TextLine>

          
          
          <TextLine ID="eSc_line_98c53f3d"
                    TAGREFS="LT2678"
                    BASELINE="725 779 1427 770" 
                    HPOS="723.0"
                    VPOS="720.0"
                    WIDTH="704.0"
                    HEIGHT="90.0">
            <Shape><Polygon POINTS="725 779 725 810 813 798 861 808 878 810 880 810 899 806 943 796 979 804 987 806 990 806 992 806 1114 800 1231 796 1236 798 1244 806 1246 806 1248 806 1250 806 1252 806 1254 806 1269 796 1278 791 1311 796 1360 802 1362 802 1427 791 1427 770 1423 735 1317 735 1315 733 1294 720 1292 720 1290 720 1288 720 1286 720 1252 733 1246 735 1240 733 1219 722 1217 722 1214 722 1122 733 1072 737 1046 730 1017 724 1015 724 1013 724 1011 724 996 730 981 737 723 730 725 779"/></Shape>
	    <String CONTENT="i changeor ⁊ li drapier. Li orfeure ⁊"
                    HPOS="723.0"
                    VPOS="720.0"
                    WIDTH="704.0"
                    HEIGHT="90.0"
                    WC="0.95969158411026"></String>
          </TextLine>

          
          
          <TextLine ID="eSc_line_21706afb"
                    TAGREFS="LT2678"
                    BASELINE="739 844 1435 833" 
                    HPOS="737.0"
                    VPOS="791.0"
                    WIDTH="698.0"
                    HEIGHT="89.0">
            <Shape><Polygon POINTS="739 844 739 880 815 865 845 875 849 878 851 878 853 878 868 875 933 863 981 871 1011 875 1013 875 1015 875 1017 875 1025 869 1038 863 1078 867 1128 873 1130 873 1133 873 1154 865 1162 861 1193 863 1292 871 1294 871 1296 871 1322 859 1328 854 1435 852 1435 833 1431 804 1336 791 1334 791 1055 806 1034 796 1032 796 1030 796 826 810 756 800 754 800 752 800 750 800 737 808 739 844"/></Shape>
	    <String CONTENT="li frepier. Li macon ⁊ li chapãtier"
                    HPOS="737.0"
                    VPOS="791.0"
                    WIDTH="698.0"
                    HEIGHT="89.0"></String>
          </TextLine>

          
          
          <TextLine ID="eSc_line_e623c0b2"
                    TAGREFS="LT2678"
                    BASELINE="651 913 1437 899" 
                    HPOS="649.0"
                    VPOS="857.0"
                    WIDTH="788.0"
                    HEIGHT="79.0">
            <Shape><Polygon POINTS="651 913 651 936 1435 922 1437 899 1433 867 1179 861 1177 861 1154 865 1126 871 1111 865 1090 857 1088 857 1086 857 1084 857 1082 857 1069 865 1055 873 996 865 990 865 987 865 981 865 901 875 887 865 884 863 882 863 880 863 878 863 866 865 796 878 769 865 765 863 763 863 760 863 649 863 651 913"/></Shape>
	    <String CONTENT="Li cirier ⁊ li espicier. Li celier ⁊ cordou"
                    HPOS="649.0"
                    VPOS="857.0"
                    WIDTH="788.0"
                    HEIGHT="79.0"></String>
          </TextLine>

          
          
          <TextLine ID="eSc_line_07012f66"
                    TAGREFS="LT2678"
                    BASELINE="657 978 1452 962" 
                    HPOS="655.0"
                    VPOS="920.0"
                    WIDTH="797.0"
                    HEIGHT="88.0">
            <Shape><Polygon POINTS="657 978 657 997 811 1008 813 1008 914 997 956 993 1025 993 1030 997 1036 1001 1036 1004 1038 1004 1040 1004 1042 1004 1111 995 1175 989 1198 995 1212 999 1214 999 1217 999 1242 995 1288 987 1299 995 1301 997 1303 997 1305 997 1307 997 1452 993 1452 962 1446 920 1244 930 1212 922 1200 920 1198 920 1196 920 1193 920 1183 924 1154 932 1065 924 1046 924 1044 924 1042 924 1040 924 1040 926 1027 934 914 928 882 926 880 926 866 928 805 938 655 932 657 978"/></Shape>
	    <String CONTENT="ãnier. Et li bouchier ⁊ li tripier. Li teis"
                    HPOS="655.0"
                    VPOS="920.0"
                    WIDTH="797.0"
                    HEIGHT="88.0"></String>
          </TextLine>

          
          
          <TextLine ID="eSc_line_338a3184"
                    TAGREFS="LT2678"
                    BASELINE="651 1039 1446 1020" 
                    HPOS="649.0"
                    VPOS="976.0"
                    WIDTH="797.0"
                    HEIGHT="93.0">
            <Shape><Polygon POINTS="651 1039 651 1056 758 1069 760 1069 821 1054 828 1054 842 1054 1000 1064 1002 1064 1004 1064 1046 1052 1082 1062 1084 1062 1086 1062 1088 1062 1090 1062 1107 1050 1109 1050 1143 1060 1145 1060 1147 1060 1446 1043 1446 1020 1442 987 1374 976 1372 976 1370 976 1343 987 1339 989 1328 987 1278 978 1275 978 1273 978 1238 989 1227 993 1103 993 1099 991 1080 983 1078 983 1076 983 1074 983 1040 993 1027 995 1017 993 992 985 990 985 987 985 918 993 878 999 870 995 857 989 855 989 853 989 649 997 651 1039"/></Shape>
	    <String CONTENT="serant ⁊ li drapier tainturier. Herber"
                    HPOS="649.0"
                    VPOS="976.0"
                    WIDTH="797.0"
                    HEIGHT="93.0"
                    WC="0.985921484859366"></String>
          </TextLine>

          
          
          <TextLine ID="eSc_line_84ea05c3"
                    TAGREFS="LT2678"
                    BASELINE="653 1104 1444 1085" 
                    HPOS="651.0"
                    VPOS="1035.0"
                    WIDTH="793.0"
                    HEIGHT="95.0">
            <Shape><Polygon POINTS="653 1104 655 1130 691 1115 828 1113 874 1121 901 1125 903 1125 969 1117 1034 1109 1046 1113 1061 1121 1063 1121 1065 1121 1118 1111 1124 1111 1141 1111 1425 1113 1427 1113 1429 1113 1431 1113 1444 1100 1444 1085 1437 1035 1349 1048 1059 1043 1015 1043 1013 1043 1011 1043 1008 1043 987 1056 855 1048 832 1048 830 1048 828 1048 826 1048 826 1050 811 1060 773 1050 769 1050 767 1050 765 1050 763 1050 758 1050 708 1062 651 1054 653 1104"/></Shape>
	    <String CONTENT="geoi ⁊ cuisinier. Escriuain ⁊ parchemi"
                    HPOS="651.0"
                    VPOS="1035.0"
                    WIDTH="793.0"
                    HEIGHT="95.0"></String>
          </TextLine>

          
          
          <TextLine ID="eSc_line_8081633e"
                    TAGREFS="LT2678"
                    BASELINE="649 1163 1425 1151" 
                    HPOS="647.0"
                    VPOS="1106.0"
                    WIDTH="778.0"
                    HEIGHT="74.0">
            <Shape><Polygon POINTS="649 1163 649 1178 1290 1180 1292 1180 1294 1180 1296 1180 1296 1178 1307 1170 1391 1178 1393 1178 1395 1178 1425 1165 1425 1151 1421 1111 1168 1106 1166 1106 1164 1106 1139 1115 1133 1117 1128 1115 1109 1106 1107 1106 1105 1106 985 1117 964 1119 958 1119 918 1109 916 1109 914 1109 847 1121 840 1121 836 1121 807 1111 805 1111 802 1111 647 1123 649 1163"/></Shape>
	    <String CONTENT="nier. Et cil qui sont de touz mestiers."
                    HPOS="647.0"
                    VPOS="1106.0"
                    WIDTH="778.0"
                    HEIGHT="74.0"
                    WC="0.969183293672708"></String>
          </TextLine>

          
          
          <TextLine ID="eSc_line_3ef0c109"
                    TAGREFS="LT2678"
                    BASELINE="651 1222 1442 1212" 
                    HPOS="649.0"
                    VPOS="1165.0"
                    WIDTH="793.0"
                    HEIGHT="76.0">
            <Shape><Polygon POINTS="651 1222 651 1239 1410 1241 1412 1241 1414 1241 1442 1228 1442 1212 1437 1174 1357 1165 1355 1165 1231 1178 1212 1178 1210 1178 1185 1167 1183 1167 1181 1167 1179 1167 1149 1178 1084 1170 1082 1170 1080 1170 1078 1170 1063 1180 1030 1172 1027 1172 1025 1172 895 1182 826 1172 824 1172 821 1172 777 1184 670 1174 668 1174 666 1174 664 1174 649 1182 651 1222"/></Shape>
	    <String CONTENT="puissent en enfer trabuchier. Se il ne"
                    HPOS="649.0"
                    VPOS="1165.0"
                    WIDTH="793.0"
                    HEIGHT="76.0"
                    WC="0.979614996596387"></String>
          </TextLine>

          
          
          <TextLine ID="eSc_line_c49e13a6"
                    TAGREFS="LT2678"
                    BASELINE="622 1287 1425 1270" 
                    HPOS="620.0"
                    VPOS="1224.0"
                    WIDTH="805.0"
                    HEIGHT="80.0">
            <Shape><Polygon POINTS="622 1287 622 1304 1423 1289 1425 1270 1418 1224 1360 1235 1183 1230 1109 1230 1107 1230 1105 1230 1095 1235 1078 1241 952 1239 807 1237 805 1237 620 1249 622 1287"/></Shape>
	    <String CONTENT="⁊ font as clers raison. maus fens lor ar"
                    HPOS="620.0"
                    VPOS="1224.0"
                    WIDTH="805.0"
                    HEIGHT="80.0"></String>
          </TextLine>

          
          
          <TextLine ID="eSc_line_a2db0f9e"
                    TAGREFS="LT2678"
                    BASELINE="653 1348 960 1340" 
                    HPOS="651.0"
                    VPOS="1289.0"
                    WIDTH="309.0"
                    HEIGHT="95.0">
            <Shape><Polygon POINTS="653 1348 653 1359 681 1359 721 1384 723 1384 725 1384 727 1384 790 1382 792 1382 794 1382 824 1361 916 1363 918 1363 920 1363 960 1348 960 1340 956 1304 813 1304 809 1302 790 1289 788 1289 786 1289 784 1289 651 1298 653 1348"/></Shape>
	    <String CONTENT="de lor maison."
                    HPOS="651.0"
                    VPOS="1289.0"
                    WIDTH="309.0"
                    HEIGHT="95.0"></String>
          </TextLine>

          
          
          <TextLine ID="eSc_line_b46bc7f3"
                    TAGREFS="LT2678"
                    BASELINE="763 1403 1437 1394" 
                    HPOS="760.0"
                    VPOS="1348.0"
                    WIDTH="677.0"
                    HEIGHT="71.0">
            <Shape><Polygon POINTS="763 1403 763 1419 1437 1413 1437 1394 1433 1361 1280 1348 1278 1348 1275 1348 1233 1361 1229 1361 1219 1361 1130 1350 1128 1350 1126 1350 1101 1361 1095 1363 1082 1361 1034 1352 1032 1352 1030 1352 1011 1361 1004 1363 990 1361 929 1352 927 1352 760 1361 763 1403"/></Shape>
	    <String CONTENT="ater noster biax sire diex anuoiez"
                    HPOS="760.0"
                    VPOS="1348.0"
                    WIDTH="677.0"
                    HEIGHT="71.0"></String>
          </TextLine>

          
          
          <TextLine ID="eSc_line_27c8f6be"
                    TAGREFS="LT2678"
                    BASELINE="750 1470 1418 1464" 
                    HPOS="748.0"
                    VPOS="1413.0"
                    WIDTH="670.0"
                    HEIGHT="93.0">
            <Shape><Polygon POINTS="750 1470 750 1506 807 1503 809 1503 811 1503 811 1501 828 1487 840 1497 840 1499 842 1499 845 1499 847 1499 849 1499 851 1499 872 1487 937 1499 943 1499 945 1499 954 1497 1019 1482 1074 1482 1097 1493 1109 1497 1111 1497 1114 1497 1206 1489 1263 1482 1273 1485 1317 1499 1320 1499 1322 1499 1324 1499 1326 1499 1347 1482 1416 1478 1418 1464 1416 1424 1399 1413 1397 1413 1395 1413 1393 1413 1391 1413 1389 1413 1374 1424 1118 1415 1116 1415 1114 1415 1111 1415 1097 1426 992 1415 990 1415 748 1430 750 1470"/></Shape>
	    <String CONTENT="lor honte ⁊ duels. Sanz respit ⁊"
                    HPOS="748.0"
                    VPOS="1413.0"
                    WIDTH="670.0"
                    HEIGHT="93.0"></String>
          </TextLine>

          
          
          <TextLine ID="eSc_line_41127d00"
                    TAGREFS="LT2678"
                    BASELINE="651 1543 1471 1539" 
                    HPOS="649.0"
                    VPOS="1491.0"
                    WIDTH="822.0"
                    HEIGHT="84.0">
            <Shape><Polygon POINTS="651 1543 651 1575 819 1562 876 1573 893 1575 895 1575 948 1571 1084 1560 1172 1569 1233 1573 1236 1573 1238 1573 1259 1567 1273 1562 1307 1567 1353 1571 1355 1571 1357 1571 1381 1564 1397 1560 1402 1564 1410 1573 1412 1573 1414 1573 1416 1573 1471 1562 1471 1539 1467 1501 1175 1491 1172 1491 1170 1491 1168 1491 1168 1493 1158 1501 1055 1493 1053 1493 1051 1493 1015 1503 998 1493 996 1493 994 1493 992 1493 990 1493 960 1503 950 1495 950 1493 948 1493 945 1493 876 1493 874 1493 649 1506 651 1543"/></Shape>
	    <String CONTENT="sanz ꝯtredit. Leur ãuoit diex ce q̃ iai"
                    HPOS="649.0"
                    VPOS="1491.0"
                    WIDTH="822.0"
                    HEIGHT="84.0"></String>
          </TextLine>

          
          
          <TextLine ID="eSc_line_b8ad0cb6"
                    TAGREFS="LT2678"
                    BASELINE="630 1613 1414 1606" 
                    HPOS="628.0"
                    VPOS="1560.0"
                    WIDTH="786.0"
                    HEIGHT="78.0">
            <Shape><Polygon POINTS="630 1613 630 1638 1412 1634 1414 1606 1408 1575 1303 1575 1296 1573 1265 1560 1263 1560 1261 1560 1259 1560 1233 1573 1229 1575 1219 1573 1181 1564 1179 1564 1177 1564 1158 1573 1145 1579 964 1579 945 1571 918 1562 916 1562 914 1562 628 1569 630 1613"/></Shape>
	    <String CONTENT="dit. male tempeste ⁊ male foudre."
                    HPOS="628.0"
                    VPOS="1560.0"
                    WIDTH="786.0"
                    HEIGHT="78.0"></String>
          </TextLine>

          
          
          <TextLine ID="eSc_line_9c58e2ac"
                    TAGREFS="LT2678"
                    BASELINE="651 1688 1450 1684" 
                    HPOS="649.0"
                    VPOS="1632.0"
                    WIDTH="801.0"
                    HEIGHT="79.0">
            <Shape><Polygon POINTS="651 1688 651 1707 1446 1711 1450 1684 1446 1642 1208 1632 1206 1632 1204 1632 1202 1632 1202 1634 1191 1644 1189 1646 1032 1646 1030 1646 1006 1634 1004 1634 1002 1634 1000 1634 998 1634 998 1636 987 1646 985 1648 922 1648 916 1646 815 1634 813 1634 649 1648 651 1688"/></Shape>
	    <String CONTENT="Tempe les uilains tout outre. Porce q̃"
                    HPOS="649.0"
                    VPOS="1632.0"
                    WIDTH="801.0"
                    HEIGHT="79.0"></String>
          </TextLine>

          
          
          <TextLine ID="eSc_line_935a7605"
                    TAGREFS="LT2678"
                    BASELINE="664 1758 1433 1747" 
                    HPOS="662.0"
                    VPOS="1703.0"
                    WIDTH="771.0"
                    HEIGHT="74.0">
            <Shape><Polygon POINTS="664 1758 664 1777 1431 1766 1433 1747 1429 1714 1278 1703 1275 1703 1273 1703 1271 1703 1259 1714 1158 1705 1156 1705 964 1718 712 1711 710 1711 662 1722 664 1758"/></Shape>
	    <String CONTENT="il heent logique. Theologie ⁊ fusique."
                    HPOS="662.0"
                    VPOS="1703.0"
                    WIDTH="771.0"
                    HEIGHT="74.0"></String>
          </TextLine>

          
          
          <TextLine ID="eSc_line_d4d29a79"
                    TAGREFS="LT2678"
                    BASELINE="660 1825 1442 1819" 
                    HPOS="657.0"
                    VPOS="1772.0"
                    WIDTH="785.0"
                    HEIGHT="80.0">
            <Shape><Polygon POINTS="660 1825 660 1842 910 1852 912 1852 1137 1840 1141 1840 1172 1850 1175 1850 1177 1850 1439 1835 1442 1819 1439 1785 1402 1772 1399 1772 1397 1772 1395 1772 1362 1783 1248 1772 1246 1772 1244 1772 1204 1783 1200 1783 1198 1783 1183 1772 1181 1772 1179 1772 1177 1772 1175 1772 1139 1781 1122 1785 1099 1781 1055 1774 1053 1774 1051 1774 1048 1774 1048 1777 1042 1781 1038 1787 903 1787 657 1779 660 1825"/></Shape>
	    <String CONTENT="Et quil heent ⁊ clers ⁊ prestres. Por"
                    HPOS="657.0"
                    VPOS="1772.0"
                    WIDTH="785.0"
                    HEIGHT="80.0"
                    WC="0.976298353156528"></String>
          </TextLine>

          
          
          <TextLine ID="eSc_line_60c92f1a"
                    TAGREFS="LT2678"
                    BASELINE="660 1892 1452 1882" 
                    HPOS="657.0"
                    VPOS="1842.0"
                    WIDTH="795.0"
                    HEIGHT="67.0">
            <Shape><Polygon POINTS="660 1892 660 1909 1450 1909 1452 1882 1448 1846 817 1842 815 1842 657 1854 660 1892"/></Shape>
	    <String CONTENT="ce me samble mal leur estres. chascũs"
                    HPOS="657.0"
                    VPOS="1842.0"
                    WIDTH="795.0"
                    HEIGHT="67.0"
                    WC="0.995851747299496"></String>
          </TextLine>

          
          
          <TextLine ID="eSc_line_ef78d6f9"
                    TAGREFS="LT2678"
                    BASELINE="666 1959 1471 1951" 
                    HPOS="664.0"
                    VPOS="1901.0"
                    WIDTH="807.0"
                    HEIGHT="88.0">
            <Shape><Polygon POINTS="666 1959 666 1976 758 1989 760 1989 849 1978 855 1978 872 1978 1046 1987 1048 1987 1086 1980 1114 1974 1469 1980 1471 1951 1465 1905 1208 1911 1191 1909 1126 1901 1124 1901 1122 1901 1120 1901 1120 1903 1109 1911 1080 1901 1078 1901 1076 1901 1074 1901 1072 1901 1059 1911 1046 1903 1044 1903 1042 1903 1040 1903 1038 1903 1000 1913 992 1915 983 1913 929 1903 927 1903 924 1903 897 1915 842 1907 840 1907 727 1917 708 1905 706 1905 704 1905 702 1905 699 1905 664 1917 666 1959"/></Shape>
	    <String CONTENT="dit puis que ie bien boi. Mãine ⁊ dor"
                    HPOS="664.0"
                    VPOS="1901.0"
                    WIDTH="807.0"
                    HEIGHT="88.0"></String>
          </TextLine>

          
          
          <TextLine ID="eSc_line_777eb780"
                    TAGREFS="LT2678"
                    BASELINE="664 2027 1444 2014" 
                    HPOS="662.0"
                    VPOS="1970.0"
                    WIDTH="782.0"
                    HEIGHT="73.0">
            <Shape><Polygon POINTS="664 2027 664 2043 1433 2041 1435 2041 1437 2041 1437 2039 1439 2039 1444 2033 1444 2014 1437 1970 662 1987 664 2027"/></Shape>
	    <String CONTENT="⁊ chie ⁊ poi. Quai ie a faire de logiq̃"
                    HPOS="662.0"
                    VPOS="1970.0"
                    WIDTH="782.0"
                    HEIGHT="73.0"
                    WC="0.980804362358191"></String>
          </TextLine>

          
          
          <TextLine ID="eSc_line_d20d5ee9"
                    TAGREFS="LT2678"
                    BASELINE="655 2098 1431 2085" 
                    HPOS="653.0"
                    VPOS="2037.0"
                    WIDTH="778.0"
                    HEIGHT="78.0">
            <Shape><Polygon POINTS="655 2098 655 2115 1431 2115 1431 2085 1427 2045 1288 2037 1286 2037 1284 2037 1259 2045 1240 2050 1229 2045 1214 2037 1212 2037 1210 2037 1208 2037 1206 2037 1196 2045 1185 2050 1160 2045 1135 2039 1133 2039 1130 2039 1120 2045 1103 2052 1080 2045 1061 2039 1059 2039 1057 2039 1011 2045 937 2054 920 2045 916 2041 914 2041 912 2041 910 2041 908 2041 905 2041 905 2043 903 2045 891 2058 840 2058 813 2045 809 2043 807 2043 805 2043 653 2043 655 2098"/></Shape>
	    <String CONTENT="De gramaire ne de fuciq̃. Ne de laide"
                    HPOS="653.0"
                    VPOS="2037.0"
                    WIDTH="778.0"
                    HEIGHT="78.0"
                    WC="0.986761386330063"></String>
          </TextLine>

          
          
          <TextLine ID="eSc_line_73867b19"
                    TAGREFS="LT2678"
                    BASELINE="668 2163 1486 2146" 
                    HPOS="666.0"
                    VPOS="2100.0"
                    WIDTH="820.0"
                    HEIGHT="90.0">
            <Shape><Polygon POINTS="668 2163 668 2178 824 2178 826 2178 840 2190 842 2190 845 2190 847 2190 849 2190 874 2178 876 2176 880 2178 901 2188 903 2188 905 2188 1004 2178 1006 2178 1008 2178 1065 2186 1067 2186 1069 2186 1072 2186 1086 2176 1095 2171 1114 2176 1141 2184 1143 2184 1145 2184 1204 2176 1254 2169 1271 2176 1282 2180 1284 2180 1286 2180 1486 2174 1486 2146 1479 2100 666 2125 668 2163"/></Shape>
	    <String CONTENT="a ses tonduz. Ie nan douroie .ii. pois cruz"
                    HPOS="666.0"
                    VPOS="2100.0"
                    WIDTH="820.0"
                    HEIGHT="90.0"
                    WC="0.972833479559699"></String>
          </TextLine>

          
          
          <TextLine ID="eSc_line_28777797"
                    TAGREFS="LT2678"
                    BASELINE="666 2224 1450 2211" 
                    HPOS="664.0"
                    VPOS="2163.0"
                    WIDTH="786.0"
                    HEIGHT="78.0">
            <Shape><Polygon POINTS="666 2224 666 2241 1448 2237 1450 2211 1446 2174 1328 2163 1326 2163 1324 2163 1303 2174 1294 2180 1212 2180 1206 2176 1189 2165 1187 2165 1185 2165 1183 2165 1130 2176 1109 2180 1051 2178 929 2169 927 2169 924 2169 922 2169 922 2171 920 2171 916 2178 910 2184 870 2178 811 2171 809 2171 807 2171 784 2180 763 2186 739 2180 714 2174 712 2174 710 2174 664 2180 666 2224"/></Shape>
	    <String CONTENT="Ainsis uont les clers despisant. Li cu"
                    HPOS="664.0"
                    VPOS="2163.0"
                    WIDTH="786.0"
                    HEIGHT="78.0"></String>
          </TextLine>

          
          
          <TextLine ID="eSc_line_1dcf10eb"
                    TAGREFS="LT2678"
                    BASELINE="662 2281 1456 2270" 
                    HPOS="660.0"
                    VPOS="2224.0"
                    WIDTH="796.0"
                    HEIGHT="82.0">
            <Shape><Polygon POINTS="662 2281 662 2300 1090 2306 1093 2306 1185 2293 1290 2304 1292 2304 1456 2287 1456 2270 1448 2224 1412 2239 1315 2228 1294 2226 1292 2226 1271 2228 1204 2241 1164 2232 1143 2228 1141 2228 1139 2228 1137 2228 1137 2230 1135 2230 1133 2232 1124 2245 958 2245 945 2239 931 2232 929 2232 927 2232 924 2232 922 2232 914 2241 905 2245 855 2243 767 2237 765 2237 660 2247 662 2281"/></Shape>
	    <String CONTENT="uert felon paisant. Et si dient a des"
                    HPOS="660.0"
                    VPOS="2224.0"
                    WIDTH="796.0"
                    HEIGHT="82.0"></String>
          </TextLine>

          
          
          <TextLine ID="eSc_line_90289871"
                    TAGREFS="LT2678"
                    BASELINE="668 2344 1442 2335" 
                    HPOS="668.0"
                    VPOS="2293.0"
                    WIDTH="774.0"
                    HEIGHT="76.0">
            <Shape><Polygon POINTS="668 2363 1212 2369 1214 2369 1236 2367 1307 2356 1322 2367 1324 2367 1326 2367 1328 2369 1442 2369 1442 2335 1435 2304 1168 2306 1145 2300 1126 2295 1124 2295 1122 2295 1093 2300 1061 2306 1034 2300 1008 2293 1006 2293 1004 2293 1002 2293 990 2300 979 2306 966 2300 958 2293 956 2293 954 2293 952 2293 914 2300 882 2304 872 2298 861 2293 859 2293 857 2293 855 2293 842 2298 811 2312 708 2312 668 2298 668 2344 668 2363"/></Shape>
	    <String CONTENT="antreus Des clers ne douroie .ii. oes."
                    HPOS="668.0"
                    VPOS="2293.0"
                    WIDTH="774.0"
                    HEIGHT="76.0"></String>
          </TextLine>

          
          
          <TextLine ID="eSc_line_bfba6c4f"
                    TAGREFS="LT2678"
                    BASELINE="672 2411 1452 2400" 
                    HPOS="670.0"
                    VPOS="2356.0"
                    WIDTH="782.0"
                    HEIGHT="76.0">
            <Shape><Polygon POINTS="672 2411 672 2432 1452 2428 1452 2400 1446 2356 1292 2369 1240 2361 1225 2358 1223 2358 1202 2361 1158 2369 1147 2363 1143 2358 1141 2358 1139 2358 1137 2358 670 2373 672 2411"/></Shape>
	    <String CONTENT="porte ai ie fait a lor ues. Une assolu"
                    HPOS="670.0"
                    VPOS="2356.0"
                    WIDTH="782.0"
                    HEIGHT="76.0"></String>
          </TextLine>

          
          
          <TextLine ID="eSc_line_93d4e6d7"
                    TAGREFS="LT2678"
                    BASELINE="674 2484 1444 2470" 
                    HPOS="672.0"
                    VPOS="2428.0"
                    WIDTH="772.0"
                    HEIGHT="90.0">
            <Shape><Polygon POINTS="674 2484 674 2503 752 2503 771 2518 773 2518 775 2518 777 2518 960 2514 962 2514 1004 2497 1168 2510 1170 2510 1246 2495 1330 2508 1332 2508 1334 2508 1336 2508 1353 2493 1397 2503 1399 2503 1402 2503 1404 2503 1444 2487 1444 2470 1437 2434 1093 2438 1061 2428 1059 2428 1057 2428 920 2440 899 2428 897 2428 895 2428 893 2428 891 2428 847 2438 781 2430 779 2430 702 2432 699 2432 672 2445 674 2484"/></Shape>
	    <String CONTENT="on ml̾t bone. Oremus uoirement"
                    HPOS="672.0"
                    VPOS="2428.0"
                    WIDTH="772.0"
                    HEIGHT="90.0"></String>
          </TextLine>

          
          
          <TextLine ID="eSc_line_f26c0d71"
                    TAGREFS="LT2678"
                    BASELINE="657 2556 874 2550" 
                    HPOS="655.0"
                    VPOS="2503.0"
                    WIDTH="219.0"
                    HEIGHT="59.0">
            <Shape><Polygon POINTS="657 2556 657 2562 874 2560 874 2550 870 2514 712 2503 710 2503 708 2503 655 2518 657 2556"/></Shape>
	    <String CONTENT="est bone."
                    HPOS="655.0"
                    VPOS="2503.0"
                    WIDTH="219.0"
                    HEIGHT="59.0"></String>
          </TextLine>

          
          
          <TextLine ID="eSc_line_4cbb4879"
                    TAGREFS="LT2678"
                    BASELINE="773 2613 1444 2606" 
                    HPOS="773.0"
                    VPOS="2558.0"
                    WIDTH="671.0"
                    HEIGHT="86.0">
            <Shape><Polygon POINTS="773 2634 910 2644 912 2644 914 2644 950 2634 971 2644 973 2644 975 2644 977 2644 979 2644 996 2634 998 2631 1002 2634 1030 2642 1032 2642 1034 2642 1036 2642 1067 2634 1074 2631 1080 2634 1105 2642 1107 2642 1109 2642 1442 2629 1444 2606 1439 2573 1238 2558 1236 2558 1170 2568 1143 2573 1107 2568 1048 2560 1046 2560 1044 2560 1027 2566 1017 2571 994 2566 964 2562 962 2562 960 2562 958 2562 954 2566 941 2575 872 2566 842 2562 840 2562 838 2562 828 2564 792 2575 775 2564 773 2613 773 2634"/></Shape>
	    <String CONTENT="ceus qui gentis gens despisent"
                    HPOS="773.0"
                    VPOS="2558.0"
                    WIDTH="671.0"
                    HEIGHT="86.0"
                    WC="0.988944967587789"></String>
          </TextLine>

          
          
          <TextLine ID="eSc_line_49729331"
                    TAGREFS="LT2678"
                    BASELINE="773 2692 1465 2674" 
                    HPOS="771.0"
                    VPOS="2629.0"
                    WIDTH="694.0"
                    HEIGHT="93.0">
            <Shape><Polygon POINTS="773 2692 775 2722 811 2705 870 2705 887 2718 889 2718 891 2718 893 2718 895 2718 899 2716 929 2701 1086 2701 1101 2707 1114 2711 1116 2711 1118 2711 1158 2703 1191 2697 1206 2701 1229 2709 1231 2709 1233 2709 1427 2703 1429 2703 1465 2688 1465 2674 1458 2629 1286 2640 1240 2634 1225 2631 1223 2631 1208 2634 1154 2644 1046 2638 1013 2636 1011 2636 1008 2636 1000 2638 964 2648 935 2640 929 2638 927 2638 924 2638 910 2640 847 2653 771 2644 773 2692"/></Shape>
	    <String CONTENT="Et qui nes aĩment ne ne prisẽt"
                    HPOS="771.0"
                    VPOS="2629.0"
                    WIDTH="694.0"
                    HEIGHT="93.0"
                    WC="0.974074762314558"></String>
          </TextLine>

          
          
          <TextLine ID="eSc_line_628caf33"
                    TAGREFS="LT2678"
                    BASELINE="670 2751 1442 2737" 
                    HPOS="668.0"
                    VPOS="2692.0"
                    WIDTH="774.0"
                    HEIGHT="84.0">
            <Shape><Polygon POINTS="670 2751 670 2766 744 2776 746 2776 929 2766 1002 2762 1439 2762 1442 2737 1435 2692 1317 2705 1227 2697 1219 2697 1217 2697 1214 2697 1212 2697 1181 2707 1118 2699 1107 2699 1105 2699 1103 2699 1101 2699 1084 2711 668 2711 670 2751"/></Shape>
	    <String CONTENT="Diex lor ãuoit paralisie. Lestardie ⁊"
                    HPOS="668.0"
                    VPOS="2692.0"
                    WIDTH="774.0"
                    HEIGHT="84.0"></String>
          </TextLine>

          
          
          <TextLine ID="eSc_line_628e908f"
                    TAGREFS="LT2678"
                    BASELINE="672 2812 1425 2800" 
                    HPOS="670.0"
                    VPOS="2755.0"
                    WIDTH="755.0"
                    HEIGHT="72.0">
            <Shape><Polygon POINTS="672 2812 672 2827 1423 2814 1425 2800 1421 2766 1313 2755 1311 2755 1309 2755 1307 2755 1292 2766 1208 2758 1206 2758 1204 2758 1168 2768 1166 2768 1162 2768 1063 2760 1061 2760 670 2774 672 2812"/></Shape>
	    <String CONTENT="apolisie. La frenitiq̃ ⁊ la tisiq̃. Et le"
                    HPOS="670.0"
                    VPOS="2755.0"
                    WIDTH="755.0"
                    HEIGHT="72.0"></String>
          </TextLine>

          
          
          <TextLine ID="eSc_line_619486db"
                    TAGREFS="LT2678"
                    BASELINE="674 2867 1448 2854" 
                    HPOS="672.0"
                    VPOS="2808.0"
                    WIDTH="776.0"
                    HEIGHT="78.0">
            <Shape><Polygon POINTS="674 2867 674 2886 1446 2879 1448 2854 1444 2818 1317 2808 1315 2808 1185 2821 691 2818 689 2818 687 2818 685 2818 672 2825 674 2867"/></Shape>
	    <String CONTENT="mal q̃ lan claĩme etique. Et le mal"
                    HPOS="672.0"
                    VPOS="2808.0"
                    WIDTH="776.0"
                    HEIGHT="78.0"></String>
          </TextLine>

          
          
          <TextLine ID="eSc_line_cadcedef"
                    TAGREFS="LT2678"
                    BASELINE="674 2921 1454 2913" 
                    HPOS="672.0"
                    VPOS="2879.0"
                    WIDTH="782.0"
                    HEIGHT="65.0">
            <Shape><Polygon POINTS="674 2921 674 2944 1454 2942 1454 2913 1450 2884 672 2879 674 2921"/></Shape>
	    <String CONTENT="saint ladre lor doint. Ih̾ucriz ia ne lor"
                    HPOS="672.0"
                    VPOS="2879.0"
                    WIDTH="782.0"
                    HEIGHT="65.0"></String>
          </TextLine>

          
          
          <TextLine ID="eSc_line_ea819fd4"
                    TAGREFS="LT2678"
                    BASELINE="672 2989 1442 2978" 
                    HPOS="670.0"
                    VPOS="2934.0"
                    WIDTH="772.0"
                    HEIGHT="78.0">
            <Shape><Polygon POINTS="672 2989 672 3012 1439 3007 1442 2978 1437 2944 1130 2934 1128 2934 987 2949 971 2951 958 2951 874 2938 872 2938 870 2938 868 2938 847 2951 845 2953 765 2953 763 2953 737 2940 735 2940 733 2940 670 2953 672 2989"/></Shape>
	    <String CONTENT="rardoint. La quartaĩne ⁊ la fieure"
                    HPOS="670.0"
                    VPOS="2934.0"
                    WIDTH="772.0"
                    HEIGHT="78.0"></String>
          </TextLine>

          
          
          <TextLine ID="eSc_line_d030c4e0"
                    TAGREFS="LT2678"
                    BASELINE="676 3054 1454 3039" 
                    HPOS="674.0"
                    VPOS="2991.0"
                    WIDTH="780.0"
                    HEIGHT="109.0">
            <Shape><Polygon POINTS="676 3054 676 3077 857 3077 870 3087 872 3087 874 3087 876 3087 931 3075 935 3075 939 3075 1017 3098 1019 3098 1021 3100 1118 3100 1118 3098 1208 3079 1244 3094 1246 3094 1248 3096 1341 3096 1341 3094 1343 3094 1454 3064 1454 3039 1450 3003 1383 2991 1381 2991 1378 2991 1341 3003 1336 3003 1328 3003 1240 2993 1238 2993 1166 3003 1149 3007 674 3007 676 3054"/></Shape>
	    <String CONTENT="ague. Ie nen douroie une laitue. Ne"
                    HPOS="674.0"
                    VPOS="2991.0"
                    WIDTH="780.0"
                    HEIGHT="109.0"></String>
          </TextLine>

          
        </TextBlock>
        
        <TextBlock HPOS="1572.0"
                   VPOS="554.0"
                   WIDTH="956.0"
                   HEIGHT="2544.0"
                   ID="eSc_textblock_9353af79"
                   TAGREFS="BT7901">
          <Shape><Polygon POINTS="1618 554 2402 554 2495 604 2528 3014 2478 3073 1740 3098 1597 3064 1572 2947 1580 2361 1648 2291 1673 2167 1839 2108 1891 1997 1872 1846 1631 1812 1589 754 1589 604 1618 554"/></Shape>
          
          
          <TextLine ID="eSc_line_3926747d"
                    TAGREFS="LT2678"
                    BASELINE="1620 630 2459 619" 
                    HPOS="1618.0"
                    VPOS="569.0"
                    WIDTH="841.0"
                    HEIGHT="96.0">
            <Shape><Polygon POINTS="1620 630 1620 653 1776 665 1778 665 1780 665 1833 651 1835 651 1837 651 1856 663 1858 663 1860 663 1862 665 1940 665 1940 663 2051 661 2053 661 2055 661 2068 649 2104 659 2106 659 2108 659 2110 659 2146 646 2148 646 2150 646 2173 659 2175 659 2177 659 2242 646 2245 646 2247 646 2387 657 2390 657 2457 642 2459 619 2453 579 2293 579 2291 579 2255 569 2253 569 2251 569 2198 579 2156 569 2154 569 2152 569 2074 581 2072 581 2070 581 1954 571 1952 571 1950 571 1906 583 1896 586 1870 583 1767 575 1765 575 1763 575 1736 586 1730 588 1721 586 1692 577 1690 577 1687 577 1618 586 1620 630"/></Shape>
	    <String CONTENT="le lien dune uiez huche. Sil ont le mal dou"
                    HPOS="1618.0"
                    VPOS="569.0"
                    WIDTH="841.0"
                    HEIGHT="96.0"></String>
          </TextLine>

          
          
          <TextLine ID="eSc_line_c5df8389"
                    TAGREFS="LT2678"
                    BASELINE="1608 697 2451 691" 
                    HPOS="1605.0"
                    VPOS="649.0"
                    WIDTH="846.0"
                    HEIGHT="84.0">
            <Shape><Polygon POINTS="1608 697 1608 720 1692 720 1719 733 1721 733 1723 733 1971 730 1973 730 1975 730 1992 718 2167 730 2169 730 2272 728 2274 728 2276 728 2293 716 2406 728 2408 728 2411 728 2451 712 2451 691 2444 651 2270 659 2242 653 2217 649 2215 649 2213 649 2190 655 2160 661 2005 657 1782 653 1780 653 1778 653 1776 653 1765 663 1763 663 1748 663 1624 653 1622 653 1620 653 1618 653 1605 659 1608 697"/></Shape>
	    <String CONTENT="lan trabuche. Sanc ⁊ meneison ansem̃t"
                    HPOS="1605.0"
                    VPOS="649.0"
                    WIDTH="846.0"
                    HEIGHT="84.0"
                    WC="0.979467863972123"></String>
          </TextLine>

          
          
          <TextLine ID="eSc_line_fb644bb0"
                    TAGREFS="LT2678"
                    BASELINE="1618 766 2427 758" 
                    HPOS="1616.0"
                    VPOS="712.0"
                    WIDTH="811.0"
                    HEIGHT="92.0">
            <Shape><Polygon POINTS="1618 766 1618 804 1679 791 1759 802 1772 802 1774 802 1784 800 1837 789 1948 796 2017 800 2020 800 2022 800 2024 800 2032 794 2045 787 2118 791 2221 798 2223 798 2287 787 2301 785 2316 785 2400 796 2402 796 2404 796 2427 783 2427 758 2423 726 2287 726 2284 724 2249 712 2247 712 2245 712 2242 712 2205 724 2194 728 2099 728 2093 722 2083 714 2081 714 2078 714 2022 714 2020 714 2017 714 2015 714 2005 722 1994 728 1982 722 1967 716 1965 716 1963 716 1961 716 1948 722 1933 728 1887 722 1851 716 1849 716 1847 716 1837 720 1814 730 1616 720 1618 766"/></Shape>
	    <String CONTENT="hors leur saille li fondemanz. Et cuitu"
                    HPOS="1616.0"
                    VPOS="712.0"
                    WIDTH="811.0"
                    HEIGHT="92.0"
                    WC="0.970854001167493"></String>
          </TextLine>

          
          
          <TextLine ID="eSc_line_4e785a61"
                    TAGREFS="LT2678"
                    BASELINE="1620 836 2448 825" 
                    HPOS="1618.0"
                    VPOS="781.0"
                    WIDTH="830.0"
                    HEIGHT="84.0">
            <Shape><Polygon POINTS="1620 836 1620 861 1858 865 1860 865 1862 865 1896 857 1904 854 1912 857 1946 865 1948 865 1950 865 2020 854 2028 852 2030 854 2039 861 2039 863 2041 863 2043 863 2045 865 2116 865 2116 863 2175 850 2181 850 2186 850 2251 861 2253 861 2448 844 2448 825 2444 791 2398 781 2396 781 1618 794 1620 836"/></Shape>
	    <String CONTENT="res ⁊ menoisons. Et chaudisons ⁊ gratisõs."
                    HPOS="1618.0"
                    VPOS="781.0"
                    WIDTH="830.0"
                    HEIGHT="84.0"></String>
          </TextLine>

          
          
          <TextLine ID="eSc_line_f9c29846"
                    TAGREFS="LT2678"
                    BASELINE="1620 896 2432 892" 
                    HPOS="1618.0"
                    VPOS="850.0"
                    WIDTH="814.0"
                    HEIGHT="80.0">
            <Shape><Polygon POINTS="1620 896 1620 917 1967 930 1969 930 1971 930 1994 917 2011 928 2013 928 2015 928 2017 928 2020 928 2041 917 2219 928 2221 928 2223 928 2226 928 2247 915 2249 915 2291 915 2322 915 2350 928 2352 928 2354 928 2356 928 2379 915 2394 928 2396 928 2398 928 2400 928 2402 928 2432 913 2432 892 2427 859 2106 850 2104 850 2039 861 2020 865 1790 865 1784 863 1730 852 1727 852 1725 852 1723 852 1723 854 1713 863 1713 865 1618 865 1620 896"/></Shape>
	    <String CONTENT="Engeleure en piez ⁊ en mains. Tout ce"
                    HPOS="1618.0"
                    VPOS="850.0"
                    WIDTH="814.0"
                    HEIGHT="80.0"></String>
          </TextLine>

          
          
          <TextLine ID="eSc_line_7687b620"
                    TAGREFS="LT2678"
                    BASELINE="1629 959 2455 953" 
                    HPOS="1627.0"
                    VPOS="909.0"
                    WIDTH="828.0"
                    HEIGHT="86.0">
            <Shape><Polygon POINTS="1629 959 1629 987 1833 995 1835 995 1933 985 1969 980 1980 983 2009 993 2011 993 2013 993 2015 993 2017 993 2034 983 2036 980 2039 983 2049 993 2051 993 2053 993 2055 995 2146 995 2146 993 2148 993 2169 983 2215 991 2217 991 2219 991 2221 991 2234 980 2236 978 2453 976 2455 953 2451 924 2272 924 2245 909 2242 909 2240 909 2238 909 2209 920 2179 909 2177 909 2175 909 2173 909 2137 924 2135 924 2131 924 2104 911 2102 911 2099 911 2097 911 2095 911 2076 924 2074 924 2060 911 2057 911 2055 911 2053 911 1967 924 1954 924 1946 924 1908 913 1906 913 1904 913 1902 913 1875 924 1862 926 1843 924 1799 915 1797 915 1627 922 1629 959"/></Shape>
	    <String CONTENT="ãuoit diex as uilains. Et goute ac rains"
                    HPOS="1627.0"
                    VPOS="909.0"
                    WIDTH="828.0"
                    HEIGHT="86.0"></String>
          </TextLine>

          
          
          <TextLine ID="eSc_line_79049c2b"
                    TAGREFS="LT2678"
                    BASELINE="1627 1025 2455 1010" 
                    HPOS="1624.0"
                    VPOS="966.0"
                    WIDTH="831.0"
                    HEIGHT="90.0">
            <Shape><Polygon POINTS="1627 1025 1627 1056 1862 1041 1925 1048 1978 1052 1980 1052 2051 1043 2097 1037 2120 1041 2165 1048 2167 1048 2423 1043 2425 1043 2455 1029 2455 1010 2453 976 2415 966 2413 966 2411 966 2310 976 2278 978 2274 976 2261 968 2259 968 2257 968 2255 968 2253 968 2251 968 2251 970 2242 976 2240 978 2215 976 2154 970 2152 970 2078 976 2009 983 1992 976 1980 972 1978 972 1975 972 1948 976 1908 985 1875 976 1862 974 1860 974 1858 974 1856 974 1847 976 1824 987 1706 978 1704 978 1702 978 1700 978 1660 989 1624 978 1627 1025"/></Shape>
	    <String CONTENT="⁊ goute en piz. Lor auoit diex encore pis."
                    HPOS="1624.0"
                    VPOS="966.0"
                    WIDTH="831.0"
                    HEIGHT="90.0"></String>
          </TextLine>

          
          
          <TextLine ID="eSc_line_426040fb"
                    TAGREFS="LT2678"
                    BASELINE="1622 1088 2438 1073" 
                    HPOS="1620.0"
                    VPOS="1031.0"
                    WIDTH="818.0"
                    HEIGHT="88.0">
            <Shape><Polygon POINTS="1622 1088 1622 1119 1740 1109 1847 1117 1851 1117 1854 1117 1856 1117 1858 1117 1872 1106 2438 1106 2438 1073 2432 1031 2196 1043 2011 1037 2007 1037 2005 1037 2003 1037 1965 1048 1742 1041 1736 1041 1734 1041 1732 1041 1730 1041 1713 1052 1620 1043 1622 1088"/></Shape>
	    <String CONTENT="Ie pri por ens si ꝯ ie su eil. Chascuns ait la"
                    HPOS="1620.0"
                    VPOS="1031.0"
                    WIDTH="818.0"
                    HEIGHT="88.0"></String>
          </TextLine>

          
          
          <TextLine ID="eSc_line_7e26bf34"
                    TAGREFS="LT2678"
                    BASELINE="1629 1151 2444 1138" 
                    HPOS="1627.0"
                    VPOS="1109.0"
                    WIDTH="817.0"
                    HEIGHT="67.0">
            <Shape><Polygon POINTS="1629 1151 1629 1174 2156 1176 2158 1176 2442 1159 2444 1138 2440 1109 1627 1109 1629 1151"/></Shape>
	    <String CONTENT="maaille en lueil. Dieu pu quaient me"
                    HPOS="1627.0"
                    VPOS="1109.0"
                    WIDTH="817.0"
                    HEIGHT="67.0"></String>
          </TextLine>

          
          
          <TextLine ID="eSc_line_b4c91f61"
                    TAGREFS="LT2678"
                    BASELINE="1629 1209 2455 1201" 
                    HPOS="1627.0"
                    VPOS="1167.0"
                    WIDTH="828.0"
                    HEIGHT="61.0">
            <Shape><Polygon POINTS="1629 1209 1629 1228 2453 1220 2455 1201 2451 1167 1627 1167 1629 1209"/></Shape>
	    <String CONTENT="lancolie. Dont chascuns face tel folie. Dõt"
                    HPOS="1627.0"
                    VPOS="1167.0"
                    WIDTH="828.0"
                    HEIGHT="61.0"
                    WC="0.969621914354238"></String>
          </TextLine>

          
          
          <TextLine ID="eSc_line_7262f979"
                    TAGREFS="LT2678"
                    BASELINE="1631 1272 2457 1262" 
                    HPOS="1629.0"
                    VPOS="1224.0"
                    WIDTH="828.0"
                    HEIGHT="78.0">
            <Shape><Polygon POINTS="1631 1272 1631 1302 2455 1283 2457 1262 2453 1230 1959 1224 1957 1224 1954 1224 1952 1224 1938 1235 1658 1228 1656 1228 1654 1228 1629 1237 1631 1272"/></Shape>
	    <String CONTENT="il soient prins ⁊ pendu. Que ia nã soiẽt"
                    HPOS="1629.0"
                    VPOS="1224.0"
                    WIDTH="828.0"
                    HEIGHT="78.0"></String>
          </TextLine>

          
          
          <TextLine ID="eSc_line_39ed442a"
                    TAGREFS="LT2678"
                    BASELINE="1629 1333 2469 1325" 
                    HPOS="1627.0"
                    VPOS="1281.0"
                    WIDTH="842.0"
                    HEIGHT="78.0">
            <Shape><Polygon POINTS="1629 1333 1629 1352 2251 1359 2253 1359 2255 1359 2278 1348 2402 1356 2404 1356 2469 1344 2469 1325 2465 1291 2270 1281 2268 1281 2266 1281 2263 1281 2263 1283 2261 1283 2255 1291 2253 1291 2135 1283 2133 1283 1627 1296 1629 1333"/></Shape>
	    <String CONTENT="deffendu. Ie leur done maleicon. De terua"
                    HPOS="1627.0"
                    VPOS="1281.0"
                    WIDTH="842.0"
                    HEIGHT="78.0"></String>
          </TextLine>

          
          
          <TextLine ID="eSc_line_3e0bd545"
                    TAGREFS="LT2678"
                    BASELINE="1631 1396 2455 1388" 
                    HPOS="1629.0"
                    VPOS="1342.0"
                    WIDTH="826.0"
                    HEIGHT="80.0">
            <Shape><Polygon POINTS="1631 1396 1631 1422 2453 1407 2455 1388 2451 1354 2379 1342 2377 1342 2326 1352 2316 1344 2316 1342 2314 1342 2312 1342 2310 1342 2247 1354 2238 1354 2217 1354 2041 1344 2039 1344 1986 1354 1973 1356 1629 1356 1631 1396"/></Shape>
	    <String CONTENT="gant ⁊ de mahon. De bancibus de lucifer"
                    HPOS="1629.0"
                    VPOS="1342.0"
                    WIDTH="826.0"
                    HEIGHT="80.0"
                    WC="0.990983026149945"></String>
          </TextLine>

          
          
          <TextLine ID="eSc_line_a6d6e0f9"
                    TAGREFS="LT2678"
                    BASELINE="1627 1457 2518 1464" 
                    HPOS="1624.0"
                    VPOS="1407.0"
                    WIDTH="894.0"
                    HEIGHT="92.0">
            <Shape><Polygon POINTS="1627 1457 1624 1491 1942 1497 1944 1497 1946 1497 1971 1489 1992 1480 2045 1487 2081 1491 2083 1493 2188 1493 2188 1491 2190 1491 2192 1491 2198 1485 2202 1480 2211 1485 2242 1499 2245 1499 2247 1499 2249 1499 2251 1499 2274 1485 2280 1482 2415 1482 2425 1491 2425 1493 2427 1493 2429 1493 2432 1493 2516 1480 2518 1464 2516 1411 2343 1424 2251 1413 2249 1413 2247 1413 2223 1422 2196 1411 2190 1409 2188 1409 2186 1409 2184 1409 2179 1411 2154 1422 2120 1411 2112 1409 2110 1409 2108 1409 2106 1409 2099 1411 2068 1422 1994 1411 1986 1411 1984 1411 1982 1411 1980 1411 1940 1422 1921 1411 1910 1407 1908 1407 1906 1407 1875 1411 1826 1419 1627 1413 1627 1457"/></Shape>
	    <String CONTENT="De touz les deables denfer. Cõques portierẽt"
                    HPOS="1624.0"
                    VPOS="1407.0"
                    WIDTH="894.0"
                    HEIGHT="92.0"></String>
          </TextLine>

          
          
          <TextLine ID="eSc_line_a901d66f"
                    TAGREFS="LT2678"
                    BASELINE="1631 1537 2465 1527" 
                    HPOS="1629.0"
                    VPOS="1480.0"
                    WIDTH="836.0"
                    HEIGHT="87.0">
            <Shape><Polygon POINTS="1631 1537 1631 1567 1706 1556 1719 1564 1721 1564 1723 1564 1725 1564 1809 1554 1906 1560 1931 1562 1933 1562 2463 1548 2465 1527 2459 1487 2221 1491 2194 1487 2160 1480 2158 1480 2106 1487 2053 1493 2015 1487 1986 1482 1984 1482 1982 1482 1980 1482 1975 1487 1965 1495 1851 1495 1811 1487 1795 1485 1793 1485 1765 1487 1690 1497 1629 1489 1631 1537"/></Shape>
	    <String CONTENT="croz de fer. Qui porter les puist eu enf̾."
                    HPOS="1629.0"
                    VPOS="1480.0"
                    WIDTH="836.0"
                    HEIGHT="87.0"></String>
          </TextLine>

          
          
          <TextLine ID="eSc_line_e689f132"
                    TAGREFS="LT2678"
                    BASELINE="1631 1609 2453 1598" 
                    HPOS="1629.0"
                    VPOS="1552.0"
                    WIDTH="824.0"
                    HEIGHT="88.0">
            <Shape><Polygon POINTS="1631 1609 1631 1627 1685 1640 1687 1640 1776 1630 1778 1630 1780 1630 1944 1638 1946 1638 1948 1638 1950 1638 1959 1630 1965 1625 2001 1630 2057 1636 2060 1636 2112 1630 2167 1623 2451 1630 2453 1598 2448 1564 2337 1552 2335 1552 2333 1552 2293 1562 2282 1567 2125 1567 2114 1560 2091 1552 2089 1552 2087 1552 2085 1552 2051 1560 2024 1567 1994 1560 1957 1552 1954 1552 1906 1554 1904 1554 1902 1554 1896 1558 1883 1569 1742 1558 1732 1558 1730 1558 1727 1558 1725 1558 1704 1571 1683 1558 1679 1556 1677 1556 1675 1556 1629 1556 1631 1609"/></Shape>
	    <String CONTENT="Auctoritate diũ. Se il nan uiennent"
                    HPOS="1629.0"
                    VPOS="1552.0"
                    WIDTH="824.0"
                    HEIGHT="88.0"></String>
          </TextLine>

          
          
          <TextLine ID="eSc_line_799ebd8e"
                    TAGREFS="LT2678"
                    BASELINE="1635 1680 1864 1680" 
                    HPOS="1635.0"
                    VPOS="1627.0"
                    WIDTH="229.0"
                    HEIGHT="87.0">
            <Shape><Polygon POINTS="1635 1680 1635 1714 1864 1714 1864 1680 1864 1640 1740 1627 1738 1627 1736 1627 1734 1627 1719 1640 1635 1640 1635 1680"/></Shape>
	    <String CONTENT="a merci."
                    HPOS="1635.0"
                    VPOS="1627.0"
                    WIDTH="229.0"
                    HEIGHT="87.0"
                    WC="0.998257249593735"></String>
          </TextLine>

          
          
          <TextLine ID="eSc_line_4ee6e6f5"
                    TAGREFS="LT2678"
                    BASELINE="1631 1749 2478 1735" 
                    HPOS="1629.0"
                    VPOS="1688.0"
                    WIDTH="849.0"
                    HEIGHT="86.0">
            <Shape><Polygon POINTS="1631 1749 1631 1770 2112 1774 2114 1774 2478 1753 2478 1735 2472 1697 2318 1699 2312 1699 2274 1688 2272 1688 2270 1688 2268 1688 2236 1699 2228 1701 2188 1701 2017 1693 2015 1693 1629 1707 1631 1749"/></Shape>
	    <String CONTENT="Explicit des uilains. ⁊ cõmance li fabliaus"
                    HPOS="1629.0"
                    VPOS="1688.0"
                    WIDTH="849.0"
                    HEIGHT="86.0"></String>
          </TextLine>

          
          
          <TextLine ID="eSc_line_9cf986d8"
                    TAGREFS="LT2678"
                    BASELINE="1643 1810 1851 1814" 
                    HPOS="1641.0"
                    VPOS="1762.0"
                    WIDTH="210.0"
                    HEIGHT="63.0">
            <Shape><Polygon POINTS="1643 1810 1641 1825 1849 1825 1851 1814 1849 1781 1643 1762 1643 1810"/></Shape>
	    <String CONTENT="des treces."
                    HPOS="1641.0"
                    VPOS="1762.0"
                    WIDTH="210.0"
                    HEIGHT="63.0"
                    WC="0.95975751768459"></String>
          </TextLine>

          
          
          <TextLine ID="eSc_line_20f095af"
                    TAGREFS="LT2678"
                    BASELINE="1883 1875 2438 1871" 
                    HPOS="1881.0"
                    VPOS="1806.0"
                    WIDTH="557.0"
                    HEIGHT="101.0">
            <Shape><Polygon POINTS="1883 1875 1887 1907 1900 1896 2051 1903 2137 1905 2139 1905 2142 1905 2144 1905 2150 1901 2163 1894 2436 1894 2438 1871 2429 1821 2377 1842 2284 1819 2282 1819 2280 1819 2278 1819 2207 1840 2158 1823 2156 1823 2154 1823 2152 1823 2150 1823 2129 1840 2095 1831 2093 1831 2091 1831 2024 1844 1971 1810 1967 1806 1965 1806 1963 1806 1961 1806 1881 1806 1883 1875"/></Shape>
	    <String CONTENT="uis quo ie lai si entrepris."
                    HPOS="1881.0"
                    VPOS="1806.0"
                    WIDTH="557.0"
                    HEIGHT="101.0"></String>
          </TextLine>

          
          
          <TextLine ID="eSc_line_7ba4f633"
                    TAGREFS="LT2678"
                    BASELINE="1881 1947 2444 1934" 
                    HPOS="1879.0"
                    VPOS="1886.0"
                    WIDTH="565.0"
                    HEIGHT="80.0">
            <Shape><Polygon POINTS="1881 1947 1881 1966 2444 1955 2444 1934 2436 1886 2383 1907 2249 1909 2213 1896 2211 1896 2209 1896 2207 1896 2175 1909 2139 1894 2137 1894 2135 1894 2133 1894 2093 1913 2039 1913 2001 1894 1999 1894 1996 1894 1879 1894 1881 1947"/></Shape>
	    <String CONTENT="N est droiz q̃ ie soie repris."
                    HPOS="1879.0"
                    VPOS="1886.0"
                    WIDTH="565.0"
                    HEIGHT="80.0"></String>
          </TextLine>

          
          
          <TextLine ID="eSc_line_85faa92b"
                    TAGREFS="LT2678"
                    BASELINE="1887 2014 2474 2001" 
                    HPOS="1885.0"
                    VPOS="1953.0"
                    WIDTH="589.0"
                    HEIGHT="95.0">
            <Shape><Polygon POINTS="1887 2014 1887 2048 2003 2033 2081 2039 2120 2041 2123 2041 2150 2035 2186 2027 2194 2033 2200 2039 2202 2039 2205 2039 2207 2039 2291 2029 2322 2024 2339 2027 2429 2035 2432 2035 2434 2035 2474 2018 2474 2001 2465 1953 2429 1966 2385 1955 2383 1955 2381 1955 2379 1955 2341 1972 2081 1976 2030 1961 2028 1961 2026 1961 2024 1961 1885 1964 1887 2014"/></Shape>
	    <String CONTENT="por angoisse ne por destreces"
                    HPOS="1885.0"
                    VPOS="1953.0"
                    WIDTH="589.0"
                    HEIGHT="95.0"
                    WC="0.978184895268802"></String>
          </TextLine>

          
          
          <TextLine ID="eSc_line_458578c4"
                    TAGREFS="LT2678"
                    BASELINE="1889 2079 2461 2071" 
                    HPOS="1887.0"
                    VPOS="2029.0"
                    WIDTH="574.0"
                    HEIGHT="84.0">
            <Shape><Polygon POINTS="1889 2079 1889 2113 2030 2098 2049 2106 2053 2108 2055 2108 2057 2108 2060 2108 2066 2106 2089 2098 2175 2102 2314 2108 2316 2108 2379 2094 2381 2094 2419 2106 2421 2106 2423 2106 2425 2106 2461 2090 2461 2071 2457 2039 2184 2029 2181 2029 2120 2041 2104 2031 2102 2031 2099 2031 2097 2031 2095 2031 2060 2041 2011 2033 2009 2033 2007 2033 2005 2033 2005 2035 1994 2043 1921 2033 1919 2033 1917 2033 1887 2043 1889 2079"/></Shape>
	    <String CONTENT="A rimer le fablel des treces."
                    HPOS="1887.0"
                    VPOS="2029.0"
                    WIDTH="574.0"
                    HEIGHT="84.0"
                    WC="0.953881456934172"></String>
          </TextLine>

          
          
          <TextLine ID="eSc_line_b6ff9742"
                    TAGREFS="LT2678"
                    BASELINE="1645 2144 2459 2136" 
                    HPOS="1643.0"
                    VPOS="2098.0"
                    WIDTH="816.0"
                    HEIGHT="80.0">
            <Shape><Polygon POINTS="1645 2144 1645 2174 1845 2178 1847 2178 1910 2169 1944 2165 1973 2167 2049 2176 2051 2176 2053 2176 2089 2165 2099 2163 2110 2165 2154 2174 2156 2174 2240 2163 2255 2161 2272 2161 2394 2171 2396 2171 2459 2157 2459 2136 2457 2108 2425 2098 2423 2098 2421 2098 2419 2098 2417 2098 2406 2108 2402 2111 2383 2108 2339 2100 2337 2100 2240 2106 2152 2113 2108 2106 2070 2100 2068 2100 2066 2100 2053 2106 2032 2115 1925 2106 1923 2106 1774 2117 1643 2104 1645 2144"/></Shape>
	    <String CONTENT="ai mis de mon tens un petit. or oiez q̃"
                    HPOS="1643.0"
                    VPOS="2098.0"
                    WIDTH="816.0"
                    HEIGHT="80.0"></String>
          </TextLine>

          
          
          <TextLine ID="eSc_line_6970bd11"
                    TAGREFS="LT2678"
                    BASELINE="1652 2209 2463 2201" 
                    HPOS="1650.0"
                    VPOS="2159.0"
                    WIDTH="813.0"
                    HEIGHT="86.0">
            <Shape><Polygon POINTS="1652 2209 1652 2245 1711 2234 1849 2243 1851 2243 1854 2243 1856 2243 1868 2232 2459 2237 2463 2201 2459 2169 2371 2159 2369 2159 2284 2169 2278 2169 2263 2159 2261 2159 2259 2159 2257 2159 2255 2159 2253 2159 2242 2169 2240 2171 2234 2169 2211 2161 2209 2161 2207 2161 2205 2161 2202 2161 2190 2169 2186 2174 2053 2174 2032 2171 1990 2163 1988 2163 1986 2163 1984 2163 1975 2171 1971 2174 1969 2171 1952 2161 1950 2161 1948 2161 1946 2161 1944 2161 1904 2171 1900 2171 1898 2171 1851 2161 1849 2161 1650 2171 1652 2209"/></Shape>
	    <String CONTENT="li fabliaus dit. Que uns boriois preuz"
                    HPOS="1650.0"
                    VPOS="2159.0"
                    WIDTH="813.0"
                    HEIGHT="86.0"></String>
          </TextLine>

          
          
          <TextLine ID="eSc_line_9df8eb97"
                    TAGREFS="LT2678"
                    BASELINE="1648 2270 2484 2258" 
                    HPOS="1645.0"
                    VPOS="2220.0"
                    WIDTH="839.0"
                    HEIGHT="86.0">
            <Shape><Polygon POINTS="1648 2270 1648 2293 1818 2306 1820 2306 1822 2306 1824 2306 1841 2293 2009 2293 2062 2304 2064 2304 2066 2304 2068 2304 2085 2289 2087 2289 2095 2289 2202 2302 2205 2302 2333 2300 2335 2300 2373 2287 2381 2285 2392 2287 2448 2298 2451 2298 2453 2298 2484 2285 2484 2258 2478 2220 1645 2237 1648 2270"/></Shape>
	    <String CONTENT="⁊ hardiz. Sages ⁊ en faiz ⁊ en diz. De bones"
                    HPOS="1645.0"
                    VPOS="2220.0"
                    WIDTH="839.0"
                    HEIGHT="86.0"></String>
          </TextLine>

          
          
          <TextLine ID="eSc_line_4f10822a"
                    TAGREFS="LT2678"
                    BASELINE="1643 2331 2459 2319" 
                    HPOS="1641.0"
                    VPOS="2279.0"
                    WIDTH="818.0"
                    HEIGHT="79.0">
            <Shape><Polygon POINTS="1643 2331 1643 2358 2459 2350 2459 2319 2448 2279 2438 2289 2293 2291 2190 2281 2184 2281 2181 2281 2179 2281 2139 2295 2026 2295 1994 2283 1992 2283 1990 2283 1988 2283 1957 2295 1883 2287 1881 2287 1788 2298 1778 2289 1778 2287 1776 2287 1774 2287 1772 2287 1769 2287 1767 2287 1748 2300 1641 2287 1643 2331"/></Shape>
	    <String CONTENT="taches entechiee. Lez sa fame se fu cou"
                    HPOS="1641.0"
                    VPOS="2279.0"
                    WIDTH="818.0"
                    HEIGHT="79.0"></String>
          </TextLine>

          
          
          <TextLine ID="eSc_line_f70570b8"
                    TAGREFS="LT2678"
                    BASELINE="1635 2398 2484 2386" 
                    HPOS="1633.0"
                    VPOS="2344.0"
                    WIDTH="851.0"
                    HEIGHT="94.0">
            <Shape><Polygon POINTS="1635 2398 1635 2438 1940 2421 1992 2428 2043 2434 2045 2434 2047 2434 2049 2434 2060 2426 2068 2419 2083 2426 2104 2432 2106 2432 2108 2434 2177 2434 2177 2432 2179 2432 2181 2432 2198 2421 2202 2419 2223 2419 2339 2430 2341 2430 2484 2411 2484 2386 2480 2354 2326 2344 2324 2344 2322 2344 2320 2344 2308 2354 2305 2354 2291 2354 2228 2346 2226 2346 2116 2354 1982 2363 1948 2354 1936 2350 1933 2350 1931 2350 1929 2350 1921 2354 1898 2367 1786 2367 1776 2356 1776 2354 1774 2354 1772 2354 1769 2354 1767 2354 1765 2354 1765 2356 1763 2356 1755 2369 1708 2369 1633 2354 1635 2398"/></Shape>
	    <String CONTENT="chiez. Un mardi a soir en son lit. Que ml̾t"
                    HPOS="1633.0"
                    VPOS="2344.0"
                    WIDTH="851.0"
                    HEIGHT="94.0"></String>
          </TextLine>

          
          
          <TextLine ID="eSc_line_15583b17"
                    TAGREFS="LT2678"
                    BASELINE="1631 2470 2461 2455" 
                    HPOS="1629.0"
                    VPOS="2411.0"
                    WIDTH="832.0"
                    HEIGHT="90.0">
            <Shape><Polygon POINTS="1631 2470 1631 2501 1702 2493 1818 2501 1826 2501 1828 2501 1830 2501 1833 2501 1877 2489 2188 2495 2192 2495 2194 2495 2196 2495 2272 2482 2337 2493 2339 2493 2341 2493 2343 2493 2371 2480 2459 2491 2461 2455 2455 2421 2345 2421 2343 2421 2322 2411 2320 2411 2318 2411 2316 2411 2314 2411 2301 2421 2297 2424 2257 2421 2177 2415 2175 2415 2173 2415 2171 2415 2165 2421 2158 2428 2034 2428 2001 2421 1978 2417 1975 2417 1948 2421 1906 2430 1870 2421 1856 2419 1854 2419 1851 2419 1845 2421 1824 2432 1629 2424 1631 2470"/></Shape>
	    <String CONTENT="estoit a grant delit. Que bele estoit a"
                    HPOS="1629.0"
                    VPOS="2411.0"
                    WIDTH="832.0"
                    HEIGHT="90.0"
                    WC="0.982085662010388"></String>
          </TextLine>

          
          
          <TextLine ID="eSc_line_cf88a26d"
                    TAGREFS="LT2678"
                    BASELINE="1639 2543 2459 2524" 
                    HPOS="1637.0"
                    VPOS="2476.0"
                    WIDTH="822.0"
                    HEIGHT="103.0">
            <Shape><Polygon POINTS="1639 2543 1641 2579 1681 2562 1795 2562 1809 2573 1811 2573 1814 2573 1816 2573 1830 2573 2005 2556 2049 2564 2076 2568 2078 2568 2081 2568 2083 2568 2083 2566 2089 2562 2097 2554 2181 2558 2274 2564 2276 2564 2457 2547 2459 2524 2455 2489 2375 2476 2373 2476 2371 2476 2369 2476 2369 2478 2366 2478 2358 2489 2329 2478 2326 2478 2324 2478 2322 2478 2272 2491 2270 2491 2257 2491 2064 2484 2062 2484 2060 2484 2057 2484 2041 2495 2036 2495 1980 2487 1978 2487 1975 2487 1973 2487 1973 2489 1965 2497 1963 2497 1938 2497 1759 2491 1757 2491 1637 2501 1639 2543"/></Shape>
	    <String CONTENT="grant meruoille. Cil sandormi ⁊ cele"
                    HPOS="1637.0"
                    VPOS="2476.0"
                    WIDTH="822.0"
                    HEIGHT="103.0"></String>
          </TextLine>

          
          
          <TextLine ID="eSc_line_75a2ecd7"
                    TAGREFS="LT2678"
                    BASELINE="1645 2604 2465 2589" 
                    HPOS="1643.0"
                    VPOS="2547.0"
                    WIDTH="822.0"
                    HEIGHT="93.0">
            <Shape><Polygon POINTS="1645 2604 1645 2627 1725 2640 1727 2640 1730 2640 1759 2627 1763 2627 2465 2627 2465 2589 2461 2558 2406 2547 2404 2547 2297 2560 2293 2560 2270 2550 2268 2550 2266 2550 2263 2550 2228 2562 2223 2562 2217 2562 2148 2554 2146 2554 2015 2564 1999 2554 1996 2554 1994 2554 1992 2554 1990 2554 1940 2566 1879 2556 1877 2556 1782 2568 1690 2560 1687 2560 1685 2560 1643 2573 1645 2604"/></Shape>
	    <String CONTENT="uoille. Qui atendoit autre auenture."
                    HPOS="1643.0"
                    VPOS="2547.0"
                    WIDTH="822.0"
                    HEIGHT="93.0"></String>
          </TextLine>

          
          
          <TextLine ID="eSc_line_0ad950c0"
                    TAGREFS="LT2678"
                    BASELINE="1645 2678 2463 2659" 
                    HPOS="1643.0"
                    VPOS="2615.0"
                    WIDTH="820.0"
                    HEIGHT="92.0">
            <Shape><Polygon POINTS="1645 2678 1645 2695 1706 2707 1708 2707 1711 2707 1736 2695 1767 2703 1769 2703 1772 2703 1917 2690 1929 2690 1931 2690 1967 2701 1969 2701 1971 2701 2036 2688 2041 2688 2045 2688 2091 2699 2093 2699 2463 2680 2463 2659 2457 2615 1643 2642 1645 2678"/></Shape>
	    <String CONTENT="Ez uos atant grant aleure. ou fust a"
                    HPOS="1643.0"
                    VPOS="2615.0"
                    WIDTH="820.0"
                    HEIGHT="92.0"></String>
          </TextLine>

          
          
          <TextLine ID="eSc_line_9ba788e9"
                    TAGREFS="LT2678"
                    BASELINE="1654 2734 2469 2716" 
                    HPOS="1652.0"
                    VPOS="2680.0"
                    WIDTH="817.0"
                    HEIGHT="84.0">
            <Shape><Polygon POINTS="1654 2734 1654 2753 1912 2764 1914 2764 1917 2764 1919 2764 1936 2753 1942 2749 1948 2753 1967 2762 1969 2762 1971 2762 2064 2751 2137 2745 2177 2751 2200 2755 2202 2755 2205 2755 2207 2755 2211 2751 2221 2743 2234 2751 2238 2755 2240 2755 2242 2755 2245 2755 2469 2749 2469 2716 2465 2686 2221 2680 2219 2680 2171 2690 2167 2690 2156 2690 2030 2684 2028 2684 2026 2684 2024 2684 2011 2692 2009 2695 1999 2695 1946 2686 1944 2686 1942 2686 1917 2695 1910 2699 1652 2699 1654 2734"/></Shape>
	    <String CONTENT="tort ori a raison Son ami ãmi la maison."
                    HPOS="1652.0"
                    VPOS="2680.0"
                    WIDTH="817.0"
                    HEIGHT="84.0"></String>
          </TextLine>

          
          
          <TextLine ID="eSc_line_18c67331"
                    TAGREFS="LT2678"
                    BASELINE="1656 2797 2459 2787" 
                    HPOS="1654.0"
                    VPOS="2745.0"
                    WIDTH="805.0"
                    HEIGHT="71.0">
            <Shape><Polygon POINTS="1656 2797 1656 2816 2457 2816 2459 2787 2453 2745 1654 2755 1656 2797"/></Shape>
	    <String CONTENT="Qui entroit"
                    HPOS="1654.0"
                    VPOS="2745.0"
                    WIDTH="805.0"
                    HEIGHT="71.0"></String>
          </TextLine>

          
          
          <TextLine ID="eSc_line_7acdd4dd"
                    TAGREFS="LT2678"
                    BASELINE="1654 2850 2467 2837" 
                    HPOS="1652.0"
                    VPOS="2804.0"
                    WIDTH="815.0"
                    HEIGHT="82.0">
            <Shape><Polygon POINTS="1654 2850 1654 2886 1793 2873 2076 2873 2446 2873 2448 2873 2451 2873 2453 2873 2467 2863 2467 2837 2461 2804 1652 2814 1654 2850"/></Shape>
	    <String CONTENT="cil qui bien sauoit lestre. Il uint au lit"
                    HPOS="1652.0"
                    VPOS="2804.0"
                    WIDTH="815.0"
                    HEIGHT="82.0"></String>
          </TextLine>

          
          
          <TextLine ID="eSc_line_cc927f6c"
                    TAGREFS="LT2678"
                    BASELINE="1648 2915 2488 2892" 
                    HPOS="1645.0"
                    VPOS="2863.0"
                    WIDTH="843.0"
                    HEIGHT="86.0">
            <Shape><Polygon POINTS="1648 2915 1648 2938 1772 2949 1774 2949 1776 2949 1801 2938 1868 2947 1870 2947 1872 2947 1875 2947 1875 2944 1877 2944 1883 2936 1883 2934 1902 2934 2013 2942 2015 2942 2017 2942 2036 2932 2045 2928 2095 2932 2179 2938 2181 2938 2223 2930 2257 2921 2282 2928 2303 2934 2305 2934 2308 2934 2310 2934 2337 2928 2369 2919 2379 2926 2385 2932 2387 2932 2390 2932 2392 2932 2486 2923 2488 2892 2482 2863 1645 2873 1648 2915"/></Shape>
	    <String CONTENT="si se deschauce. Quil ni laissa soller ne chau"
                    HPOS="1645.0"
                    VPOS="2863.0"
                    WIDTH="843.0"
                    HEIGHT="86.0"></String>
          </TextLine>

          
          
          <TextLine ID="eSc_line_a55b1d1d"
                    TAGREFS="LT2678"
                    BASELINE="1652 2978 2469 2963" 
                    HPOS="1650.0"
                    VPOS="2921.0"
                    WIDTH="819.0"
                    HEIGHT="80.0">
            <Shape><Polygon POINTS="1652 2978 1652 2999 2114 3001 2116 3001 2192 2989 2230 2999 2232 2999 2234 2999 2236 2999 2274 2986 2345 2997 2348 2997 2469 2980 2469 2963 2463 2921 2211 2934 2137 2926 2116 2923 2114 2923 2112 2923 2110 2923 2108 2926 2093 2936 2009 2928 2003 2928 2001 2928 1999 2928 1971 2938 1933 2928 1927 2928 1925 2928 1923 2928 1908 2930 1826 2940 1761 2932 1759 2932 1757 2932 1755 2932 1753 2932 1736 2942 1650 2934 1652 2978"/></Shape>
	    <String CONTENT="ce. Cote ne braies ne chemise. Et la da"
                    HPOS="1650.0"
                    VPOS="2921.0"
                    WIDTH="819.0"
                    HEIGHT="80.0"></String>
          </TextLine>

          
          
          <TextLine ID="eSc_line_232a910a"
                    TAGREFS="LT2678"
                    BASELINE="1650 3043 2478 3018" 
                    HPOS="1648.0"
                    VPOS="2974.0"
                    WIDTH="830.0"
                    HEIGHT="105.0">
            <Shape><Polygon POINTS="1650 3043 1650 3064 1841 3062 1856 3066 1881 3075 1883 3075 1885 3075 1887 3075 1889 3075 1902 3066 1908 3062 1917 3066 1944 3079 1946 3079 1948 3079 1950 3079 1952 3079 1969 3066 1978 3060 2011 3066 2032 3068 2034 3068 2036 3068 2045 3066 2070 3056 2110 3064 2154 3075 2156 3075 2207 3064 2221 3062 2228 3064 2249 3073 2251 3073 2253 3073 2478 3062 2478 3018 2472 2976 2301 2986 2287 2980 2274 2974 2272 2974 2270 2974 2268 2974 2255 2980 2236 2989 2089 2984 2081 2984 2078 2984 2072 2984 1914 2999 1875 2989 1866 2986 1864 2986 1862 2986 1860 2986 1854 2989 1826 3001 1648 2995 1650 3043"/></Shape>
	    <String CONTENT="me    ademise. Quant le sent uers li"
                    HPOS="1648.0"
                    VPOS="2974.0"
                    WIDTH="830.0"
                    HEIGHT="105.0"></String>
          </TextLine>

          
        </TextBlock>
        
        <TextBlock HPOS="554.0"
                   VPOS="588.0"
                   WIDTH="158.0"
                   HEIGHT="392.0"
                   ID="eSc_textblock_05e7b9ad"
                   TAGREFS="BT7900">
          <Shape><Polygon POINTS="588 588 687 688 712 846 571 980 554 747 588 588"/></Shape>
          
        </TextBlock>
        
        <TextBlock HPOS="563.0"
                   VPOS="1327.0"
                   WIDTH="200.0"
                   HEIGHT="258.0"
                   ID="eSc_textblock_54f413b8"
                   TAGREFS="BT7900">
          <Shape><Polygon POINTS="630 1327 763 1369 754 1493 662 1585 613 1577 605 1461 563 1384 630 1327"/></Shape>
          
        </TextBlock>
        
        <TextBlock HPOS="596.0"
                   VPOS="2495.0"
                   WIDTH="175.0"
                   HEIGHT="317.0"
                   ID="eSc_textblock_9fb49fff"
                   TAGREFS="BT7900">
          <Shape><Polygon POINTS="647 2495 754 2562 771 2669 630 2812 596 2537 647 2495"/></Shape>
          
        </TextBlock>
        
        <TextBlock HPOS="1547.0"
                   VPOS="1800.0"
                   WIDTH="334.0"
                   HEIGHT="474.0"
                   ID="eSc_textblock_1bf77377"
                   TAGREFS="BT7900">
          <Shape><Polygon POINTS="1620 1800 1856 1831 1881 1865 1881 2048 1847 2115 1698 2140 1637 2258 1589 2274 1547 1814 1620 1800"/></Shape>
          
        </TextBlock>
        

        
      </PrintSpace>
    </Page>
  </Layout>
</alto>
