2861 3784
389.0 540.0 829.0 80.0 sest tornee. Son mari fist la bestornee. Qui

384.0 611.0 834.0 91.0 delez son costel gisoit. Et cil de li fist son

378.0 683.0 846.0 82.0 esploit. Questoit uenuz nouelemt̃. Apres

382.0 746.0 842.0 82.0 se li fabliaux nan mant. Fu tant la dame

384.0 817.0 819.0 70.0 o son ami. Quandui ou lit sont endormi

384.0 872.0 827.0 86.0 Tuit troi dorment en une tire. Que nus

387.0 935.0 849.0 82.0 nes sache ne ne tire. Li boriois sesueilla pre

389.0 1004.0 826.0 74.0 miers. Cõ cil quan iere costumiers. Deuers

384.0 1067.0 844.0 85.0 sa fame se torna. Soon braz pardesouz li gita.

382.0 1139.0 833.0 63.0 Si sent la teste dautre part. De celui qui

382.0 1191.0 829.0 76.0 ot el lit part. Bien sot q̃ se fu une ou uns.

384.0 1255.0 848.0 82.0 Quainsis li fust li liz ꝯmuns. Lors sailli sus par

380.0 1313.0 823.0 80.0 son effort. Cõ cil qui fu en grant effort

376.0 1383.0 825.0 80.0 Celui qui lez sa fame uit. print q̃ escha

378.0 1461.0 827.0 77.0 per ne li plut. Cil se sent pris form̃t li

378.0 1524.0 827.0 92.0 grieue. Li boriois a son col le lieue. Quil

382.0 1597.0 836.0 80.0 niere de rien ses amis. En une grant cu

378.0 1667.0 840.0 77.0 ue la mis. Enqui naura point de deduit

376.0 1732.0 825.0 84.0 sil ne set por quoi il i uint. Li boriois a

372.0 1799.0 864.0 84.0 son lit reuint. Sa fame apele si li dist.

374.0 1875.0 820.0 82.0 or tost fait il sanz ꝯtredit. prenez le

374.0 1940.0 858.0 80.0 si le saisissiez. Par les cheuos si nou laissiez.

374.0 2009.0 837.0 82.0 Por tiens qui uos doie greuer. Girai la

374.0 2076.0 837.0 70.0 chandoile alumer. Si q̃noistrai ce me

378.0 2140.0 823.0 71.0 nigant. A ice mot la dame saut. Son

378.0 2205.0 797.0 80.0 ami par les cheuos prist. ce pesa li ꝯ

380.0 2270.0 823.0 78.0 tant mesprist. mais el le fist ꝯtre son

378.0 2333.0 842.0 80.0 cuer. Et li boriois dit bele suer. Gardez

376.0 2398.0 812.0 84.0 q̃ il ne uos eschap. Uos ni porriez auoir

378.0 2463.0 816.0 78.0 rachap. Que uos ni morissiez a honte.

376.0 2535.0 820.0 73.0 A ice mot ni fist lonc cõte. Lors ua alu

378.0 2604.0 812.0 80.0 mer la chandoile. La dame son ami a

376.0 2671.0 816.0 70.0 pele. Or tost fait ele uestez uos. Ne soiez

376.0 2730.0 827.0 68.0 lans ne perecous. Recreuz ne de cuer fail

376.0 2793.0 839.0 68.0 liz. Cil est de la cune saliz. Tantost se uest

378.0 2852.0 818.0 74.0 ⁊ aparoille. Or orrez ia fiere meruoille.

374.0 2909.0 848.0 80.0 Comant fame set deceuoir. Et mãconge

374.0 2974.0 837.0 91.0 dire por uoir. Un ueel ot en la maison.

1413.0 546.0 741.0 86.0 Qui fu liez a.i. baston. Et atachiez

1411.0 622.0 776.0 86.0 dune cordele. Une genice estoit ml̾t

1411.0 693.0 783.0 91.0 bele. La dame san ala la uoie. La ge

1415.0 763.0 781.0 73.0 nice tantost desloie. Si la print par

1411.0 819.0 785.0 82.0 deuers la teste. En la cuue a mise la

1409.0 887.0 768.0 71.0 beste. Ses amis uint a garison. Tout

1407.0 948.0 757.0 82.0 sanz ẽnui sanz mesprison. Cõques la

1415.0 1011.0 779.0 71.0 nuit il ne reuint. Li boriois soffla le

1407.0 1067.0 787.0 76.0 feu bien. Tant le soffla qua cuer qua

1407.0 1139.0 776.0 78.0 paĩne. Qua po q̃ ne li faut lalaĩne.

1409.0 1202.0 774.0 71.0 Quant la chandoille fu alumee. Plore

1405.0 1267.0 778.0 67.0 des iex por la fumee. Lors sest tant ha

1403.0 1326.0 793.0 71.0 stez car il uient. A la cuue ou la dame

1403.0 1383.0 774.0 80.0 tient. Le ueel se li print a dire. Tien

1403.0 1461.0 763.0 73.0 le tu bien oil uoir sire. Et ie aport

1405.0 1534.0 768.0 78.0 dit il mespee. Si aura la teste copee

1401.0 1614.0 782.0 63.0 Quant uient a la cuue si esgarde. Le

1403.0 1669.0 782.0 75.0 ueel que la dame garde. Ahi dit li bor

1401.0 1740.0 784.0 70.0 iois ahi. Fame tant sez male auenture.

1394.0 1812.0 785.0 75.0 Souz ciel na nule creature. ne deceus

1396.0 1877.0 789.0 80.0 ces par uerte. Ml̾t auez or tost tresg

1396.0 1942.0 770.0 78.0 te. ur̃e lecheor par ma teste. Ie ne

1396.0 2003.0 764.0 84.0 mis pas ci ceste beste. Sire fait ele

1392.0 2070.0 802.0 78.0 si feistes. Ainz autre chose ni meistes. Nel

1396.0 2146.0 785.0 73.0 dites pas ce seroit faus. uos imẽtez ꝯ

1390.0 2201.0 804.0 90.0 delloiaus. Dit li boriois mais uos puste

1394.0 2268.0 762.0 82.0 orde. A ce mot la dame santorne. Si

1392.0 2335.0 806.0 80.0 ua o son ami gesir. Tout belemt̃ ⁊ par

1392.0 2402.0 802.0 80.0 loisir. Quele amoit ml̾t ⁊ tenoit chier

1390.0 2465.0 768.0 84.0 Et li boriois sala couchier. Qui iere

1390.0 2535.0 772.0 84.0 las ⁊ traueilliez. Si sandormi ne set q̃

1386.0 2602.0 787.0 78.0 face. Et la dame bel se porchace. Cõ

1390.0 2676.0 802.0 65.0 mant le puisse deceuoir. Et la grace

1386.0 2722.0 791.0 86.0 de lui auoir. Lors apele une soe ãmie

1390.0 2787.0 778.0 80.0 ma douce suer ne uos poist mie. Ainz

1390.0 2850.0 778.0 76.0 en alez deci au ior. dormir auecq̃ mõ

1388.0 2913.0 761.0 82.0 seignor. Et ie uos paierai demain

1390.0 2970.0 774.0 105.0 .U. ẜ. touz ses en uostre main. Car se

2372 249 176 113 374
