7088 5033
1037.0 486.0 1016.0 137.0 furent dolent ⁊ esbahi. Qant liꝑes

1032.0 589.0 998.0 98.0 et lamere le soient si furent trop

1034.0 668.0 1013.0 117.0 dolent. Et firent trop grant duel

1032.0 760.0 1004.0 112.0 Il retornerent a lostel. et trouerẽt

1046.0 830.0 1007.0 112.0 leur enfant estrangle et mort

1040.0 905.0 1027.0 112.0 ha. lasse dist lamere ꝯge sui male

1043.0 992.0 1012.0 109.0 uree. Uoirement est ma uision

1043.0 1068.0 1021.0 123.0 auenue. Li lox qui ma mamele ar

1040.0 1160.0 1010.0 106.0 alechoit . ⁊ mon sanc ⟦besi⟧ beuoit.

1048.0 1238.0 1002.0 109.0 est senefiance de mon enfant qi

1043.0 1314.0 1010.0 109.0 morz est. Ha. diex sire .s̾. nicolas

1043.0 1420.0 1012.0 98.0 pour quoi soffristes uos. que nous

1048.0 1504.0 1002.0 98.0 einsi ꝑdissons nr̃e enfant qui

1048.0 1577.0 1013.0 95.0 en tõ seruise estions. Qant duel

1051.0 1666.0 1010.0 95.0 demenerent li peres ⁊ la mere

1054.0 1741.0 1007.0 98.0 de leur enfant. et ml̾t regretoi

1051.0 1828.0 1010.0 109.0 ent .s̾. Nicolas. Mes li peres con

1057.0 1915.0 1010.0 109.0 manda aus serianz. que il a nul

1060.0 2007.0 1012.0 92.0 lui ne descouurissent lor doulor

1057.0 2097.0 1018.0 92.0 et q̃ li clerc fussent biẽ seruiz

1057.0 2175.0 1018.0 106.0 au disner. En ce que il ni ẽ ioient

1062.0 2250.0 1002.0 118.0 au disner. Seint Nicolas uint a

1060.0 2334.0 1021.0 112.0 luis en guise de pelerin. et demã

1060.0 2421.0 1029.0 106.0 da par charite a mengier. li preu

1062.0 2508.0 1013.0 92.0 dons lerecut et leuolt fere meng̾

1062.0 2591.0 1007.0 87.0 auec les autres. Mes li pelerins

1062.0 2661.0 1010.0 107.0 dist quil ne mengeroit pas en

1065.0 2756.0 1010.0 90.0 tretant de gent. li preudons leme

1068.0 2815.0 1029.0 101.0 na en sa chambre demeine ou li cors

1065.0 2905.0 1024.0 100.0 de son enfant gisoit. que il auoit

1074.0 2983.0 995.0 87.0 muicie. Seint Nicolas saprocha

1074.0 3056.0 1001.0 95.0 du cors de lenfant. et le nouma

1079.0 3131.0 996.0 101.0 par son non. puis pria nr̃e seign᷑

1074.0 3226.0 1029.0 95.0 que par sa grace le ressucitast . Mã

1074.0 3299.0 1029.0 106.0 tenant li enfes se leua seinz ⁊ hetis.

1071.0 3391.0 1010.0 78.0 Et seint Nicolas sesuanoi. si qen

1076.0 3475.0 1010.0 98.0 ne sot quil deuint. Lors conta

1082.0 3542.0 1001.0 109.0 li enfes a son pere ꝯment seint

1076.0 3632.0 1024.0 95.0 Nicolas lot ressucite. Qant li cler

1074.0 3702.0 1018.0 148.0 giez. et lautre gent. sorent ꝯment

2260.0 486.0 1001.0 109.0 il iert auenu. Si en mercierent deu

2248.0 584.0 672.0 101.0 et. seint Nicholas.

2397.0 645.0 847.0 123.0 U tens que Seint Nicholas.

2268.0 735.0 968.0 103.0 uiuoit estoit uns hom en la

2254.0 819.0 985.0 114.0 contree. Si foibles et palazineux.

2260.0 903.0 959.0 106.0 quil ne pooit seur ses piez ester

2262.0 981.0 979.0 101.0 ne leuer ses meins seur sonchief.

2260.0 1059.0 981.0 112.0 Il fu aportez a .s̾. Nicolas. Et qãt

2268.0 1140.0 993.0 118.0 il uit celi si mesaiesie. Si pria pͦ

2279.0 1227.0 982.0 106.0 lui. puis uint a une lampe. Ou il

2271.0 1308.0 1007.0 112.0 auoit huile du mostier ou il estoit

2276.0 1389.0 991.0 106.0 a cele eure. et en oint le cors del

2282.0 1487.0 959.0 95.0 maleade. et meintenant quil

2282.0 1563.0 979.0 95.0 en fu oinz. cil fu gueriz ⁊ sanez

2282.0 1658.0 973.0 86.0 de toute enfermete .⁊ sen reuint

2285.0 1739.0 976.0 98.0 touz sains arrieres en son pais

2271.0 1806.0 321.0 128.0 a son pie.

2422.0 1904.0 836.0 117.0 pres ce. Ne demora gueres q̃

2285.0 2088.0 987.0 98.0 hors du sens et forssenez quil des

2404 1996 856 109 uns hom lire fu amenez si

2282.0 2180.0 982.0 96.0 pecoit. et menoit mal qan qil

2290.0 2253.0 971.0 104.0 pooit tenir aus poinz. ⁊ auoit

2282.0 2337.0 976.0 101.0 tant hurtee sa teste as paroiz

2285.0 2427.0 984.0 81.0 aual ⁊ amont. ⁊ a autres choses.

2282.0 2494.0 985.0 100.0 quil auoit toute la char blesmie

2285.0 2569.0 982.0 112.0 et de creuee. Si que li uer li cheoi

2279.0 2664.0 974.0 95.0 ent contreual les creuaces de

2290.0 2734.0 968.0 109.0 la char. cil fu amenez a seint

2285.0 2810.0 990.0 120.0 Nicolas. et li pria len que il pri

2290.0 2899.0 977.0 98.0 ast nr̃e seignor que il sante li

2293.0 2963.0 960.0 101.0 donnast. li beneoiz ꝯfessors si

2299.0 3053.0 962.0 109.0 le seingna et gari de sa forssene

2299.0 3134.0 951.0 106.0 rie. et de ses plaies. ⁊ reuint

2296.0 3201.0 973.0 106.0 en sa premiere sante . Tiex mira

2296.0 3288.0 987.0 114.0 cles et autres plus eurs fist nr̃e

2296.0 3372.0 979.0 120.0 sires pour seint Nicholas. ⁊ fet

2296.0 3447.0 982.0 120.0 encore. Si prions dieu et seint

2302.0 3531.0 976.0 123.0 Nicholas quil nos otroit la ioie

2302.0 3615.0 970.0 115.0 sanz fin. aMen. AMeN

2296.0 3699.0 959.0 140.0 Expłicit la uie .s̾. Nicholas

3752 603 964 93 Martin le bon ami nr̃e

3776 486 940 134 Ci commence la uie monseignor

4477 679 239 105 seignor

4458.0 760.0 266.0 103.0 l̾t doit

4464.0 852.0 265.0 81.0 len douce

4467.0 939.0 254.0 89.0 ment. et

4467.0 1012.0 262.0 98.0 uolent̾s

4467.0 1096.0 257.0 86.0 le bien

4464.0 1168.0 263.0 95.0 oir. et ẽ

4467.0 1261.0 265.0 89.0 tendre.

4458.0 1361.0 271.0 87.0 Car par

4458.0 1437.0 266.0 72.0 le bien

4464.0 1507.0 263.0 97.0 sauoir.

3753.0 1590.0 974.0 96.0 et retenir. puet len souuent a biẽ

3759.0 1680.0 959.0 89.0 uenir. Qui bien ne set ne bien

3750.0 1775.0 988.0 78.0 nentent. de bien fere na nul talent

3748.0 1845.0 987.0 103.0 Mes du bien nest souuent li bñs

3748.0 1929.0 984.0 106.0 Du mal li max si 9 dit lescriture.

3748.0 2024.0 979.0 87.0 pour ce se doit len au bĩe auoier

3753.0 2105.0 965.0 106.0 et le bien fere. Si con li seint hõe

3756.0 2192.0 987.0 95.0 firent ca arriere. De cui nos trouõs

3756.0 2273.0 996.0 103.0 les oeuures et les uies es escritures

3745.0 2348.0 973.0 106.0 Et bien sachent tuit cil qui ui

3756.0 2435.0 973.0 98.0 uent que ia nauront tant de bñ

3750.0 2530.0 974.0 73.0 fet en tou des leur uies. Q̾ qant

3756.0 2603.0 962.0 84.0 la mort dont nule riens uiuant.

3753.0 2689.0 968.0 98.0 neschape. les prendra au cuer. quil

3750.0 2762.0 968.0 106.0 ne cuident petit auoir fet. Dieu

3750.0 2843.0 968.0 106.0 que feront donques cil qui riches

3748.0 2924.0 979.0 104.0 sont et aese. De lauoir de cest siecle

3748.0 3008.0 973.0 87.0 Reen euls nont douceur. Ne humi

3753.0 3078.0 960.0 106.0 lite Ne misericorde. Einz sõt plain

3753.0 3167.0 965.0 79.0 dangoisse et de traison ⁊ de felon

3750.0 3243.0 966.0 98.0 nie. et de si grant auarice. que

3750.0 3324.0 971.0 90.0 con plus ont auoirs et richesces

3750.0 3400.0 977.0 86.0 plus en desirrent a auoir. Ce fet

3753.0 3469.0 971.0 115.0 li deables qui en tel maniere les

3748.0 3559.0 962.0 101.0 alaciez et pris quil les enmeinne

3745.0 3629.0 984.0 114.0 en enfer le grant chemin plenier.

3742.0 3710.0 968.0 148.0 De ce se garderent li seint home. qi

4953.0 497.0 1027.0 129.0 par doulereuses peinnes. ⁊ par gries

4959.0 603.0 982.0 101.0 tourmenz. ⁊ par ueilles. ⁊ par

4953.0 690.0 1032.0 92.0 geunes. et par toutes bones oeures

4956.0 766.0 1010.0 92.0 firent tant quil uindrent a bie

4959.0 841.0 1001.0 95.0 par menable. et a la coronne de

4956.0 931.0 1004.0 97.0 gloire. A ce regarderent li seint

4962.0 1014.0 1032.0 87.0 confessor. Et messires .s̾. martins

4962.0 1101.0 805.0 90.0 dont ci conmence la uie.

5085.0 1171.0 900.0 115.0 Einz martins fu nez de la con

5115 1262 856 96 tree de pannone. Dun chastel

4950.0 1353.0 1010.0 81.0 qui ysapbarie auoit non. Si fu

4950.0 1426.0 1024.0 103.0 de haute lingniee. et de par pere.

4950.0 1523.0 1016.0 87.0 et de par mere. Ses peres fu ch̾rs

4950.0 1599.0 1021.0 87.0 et hauz hom ⁊ riches. Et il ꝯmẽ

4950.0 1672.0 1007.0 95.0 ca tres senfance bonnes oeuures

4948.0 1761.0 1015.0 98.0 a fere ⁊ a en suiure. Car tresce.

4945.0 1865.0 1018.0 89.0 quil nauoit que .x. anz ꝯmenca

4948.0 1940.0 1018.0 89.0 il a aler a seinte eglise maugre soꝰ

4948.0 2021.0 1026.0 106.0 pere et sa mere qui paien estoient

4939.0 2108.0 1024.0 114.0 Et qant il uint en laage de .xii. ãz

4942.0 2206.0 1007.0 78.0 il conuoita ml̾t a mener uie

4945.0 2273.0 1010.0 100.0 solitaire et a aler en hermitage

4945.0 2351.0 1029.0 103.0 et si eust il fet. Mes la iuennesce

4948.0 2432.0 1018.0 101.0 de laage len detint et retrest.

4945.0 2519.0 1021.0 98.0 de ce quil auoit souuentes foiees .

4942.0 2608.0 1015.0 90.0 en sa penssee. Et ne pour qant.

4939.0 2684.0 1004.0 95.0 en sa Ionesce fu il ententis si en

4936.0 2765.0 1027.0 109.0 tentis entour seinte eglise q̃ il

4939.0 2849.0 1010.0 92.0 conmenca en senfance ce quil a

4936.0 2935.0 993.0 95.0 empli ml̾t doucement qant il

4942.0 3014.0 996.0 100.0 uint en plus grant aage. Et a

4939.0 3095.0 1010.0 100.0 donc uint li bans de par lemꝑeor

4934.0 3173.0 1018.0 98.0 que li uiell home qui enfanz auoi

4928.0 3243.0 1010.0 101.0 ent ch̾rs les feissent. A dõc auoit

4942.0 3344.0 999.0 78.0 Seint martins .xu. anz. Si sen a

4939.0 3411.0 1013.0 84.0 la a court pour estre ch̾rs. ⁊ en sem-

4934.0 3483.0 998.0 93.0 ble osoi un seriant qui le seruoit

4928.0 3567.0 996.0 98.0 tant seulement. Et lors fu il a

4928.0 3648.0 1007.0 107.0 doubez et ch̾rs fez .iii. anz deuant

4925.0 3735.0 1024.0 134.0 ce quil fust bauptiziez. Et la demora
